3317 4434
370 396 435 449 XVI
732 394 856 449 Editoris
875 394 1027 464 praefatio.

371 564 512 622 librarius
536 565 742 637 correctorque
770 580 897 621 coaevus
920 564 1129 639 supplementa
1151 562 1237 638 fecit,
1262 564 1393 623 hicnon

371 660 474 719 eodem
492 661 663 736 exemplari,
682 660 762 719 unde
781 660 872 719 codex
890 659 1058 720 Putesneus
1077 660 1230 720 descendit
1252 680 1325 721 usus
1349 656 1411 736 sit,

371 758 423 817 sed
441 759 500 818 alio
521 758 657 833 quodem.
689 761 791 816 tamen
811 758 1108 818 animadvertendum
1126 761 1172 817 est
1184 776 1254 818 raro
1274 760 1392 819 lacunas

371 856 503 932 expletas
518 873 580 915 esse
595 876 613 913 e
627 858 792 915 correctore
801 857 842 916 1³⁰
857 847 907 935 (cf.
917 854 990 914 th.
1000 855 1045 913 12
1066 855 1158 937 Theb.
1167 855 1200 914 H
1210 858 1390 921 434-,-436.

370 953 618 1012 111217-218.
643 953 702 1011 VH
717 945 952 1033 sni-3511»,
980 954 1098 1029 saepius
1126 971 1145 1011 a
1171 954 1389 1026 recentioribus,

371 1070 475 1110 verum
499 1050 536 1109 ab
560 1050 606 1109 his
625 1069 679 1126 pro
698 1050 832 1124 libidine,
857 1051 892 1119 ci.
911 1049 985 1109 Ach.
1000 1049 1016 1107 I
1032 1052 1094 1111 919
1115 1052 1145 1109 et
1165 1052 1240 1125 922,
1258 1050 1312 1109 ubi
1329 1070 1387 1126 sup·
1427 1053 1429 1062 '

370 1148 522 1223 plemente
550 1148 628 1207 falsa
656 1146 814 1205 adduntur.
860 1148 941 1207 locos
968 1149 1063 1225 igitur
1090 1148 1213 1208 mutilos
1241 1150 1333 1207 etiem
1356 1148 1385 1207 ab

372 1246 534 1321 exemplari
562 1247 625 1303 eius
653 1245 771 1319 codicis,
804 1245 882 1303 unde
909 1244 1077 1304 Puteaneus
1110 1247 1311 1322 transcriptis
1341 1246 1384 1319 est,

371 1343 462 1402 fuisse
485 1343 647 1401 translatos
671 1342 801 1400 dilucide
826 1343 958 1418 apparet.

438 1440 533 1498 multa
560 1442 714 1515 praeterea
742 1442 821 1514 sunt,
845 1458 921 1514 quae
943 1439 1067 1499 librario
1091 1438 1236 1498 Puteanei
1259 1442 1319 1517 ipsi
1339 1441 1382 1498 tii·

371 1537 460 1595 buere
483 1538 606 1594 minime
629 1538 707 1595 licet.
745 1537 830 1595 velut
852 1538 1024 1612 saepissime
1047 1538 1167 1596 litterae
1190 1555 1206 1596 c
1228 1540 1260 1597 et
1280 1539 1383 1612 pinter

371 1653 401 1692 se
433 1635 632 1693 commutatae
662 1636 745 1708 sunt,
776 1653 865 1709 quem
895 1652 1024 1692 errorem
1053 1633 1135 1693 haud
1157 1653 1226 1694 raro
1255 1634 1381 1693 librarius

371 1730 540 1791 emendavit
572 1730 649 1807 ipse,
689 1733 807 1807 saepius
839 1733 990 1809 integrum
1017 1733 1156 1791 servavit.
1211 1730 1382 1791 Achilleidos

370 1829 443 1887 haec
467 1829 574 1906 collegi
597 1829 745 1905 exempla:

530 1936 629 1994 1113
652 1927 799 1999 {reims
822 1927 921 2016 (eroso
942 1926 976 2015 9)
1000 1939 1040 1996 P:
1064 1937 1191 1993 coleres
1213 1951 1246 1994 ω
1371 1960 1374 1963 ’

531 2031 630 2091 1326
654 2035 780 2091 recentia
802 2036 843 2091 P:
865 2034 991 2105 ripertio
1015 2048 1046 2090 ω

530 2129 628 2187 1351
654 2146 740 2188 cenos
761 2133 802 2188 P:
826 2146 918 2203 perros
941 2146 972 2188 ω
1100 2124 1101 2127 ’

530 2227 628 2285 1358
655 2226 824 2300 Cymocdas
846 2231 886 2286 P:
911 2225 1087 2301 dymwdos
1111 2243 1142 2285 ω

530 2324 630 2384 1440
650 2328 740 2399 nepot
759 2324 816 2383 dcc
837 2328 878 2383 P:
900 2341 952 2383 ccc
974 2323 1071 2383 adbuc
1095 2315 1159 2403 02⁹)

530 2421 630 2479 1724
654 2424 766 2494 ocyrtee
787 2425 836 2480 P:
851 2424 965 2497 opprtes
988 2438 1019 2480 ω
1124 2432 1126 2436 ’
1266 2419 1269 2423 ⁴

531 2518 629 2576 1815
654 2521 788 2594 octipedes
809 2523 850 2578 P:
874 2522 988 2593 oqyrtes
1012 2536 1043 2578 ω

532 2616 631 2674 1906
650 2615 790 2688 pettoscis
811 2620 852 2675 P:
873 2615 1001 2689 perosos
1024 2633 1055 2675 ω
1160 2638 1162 2642 ·

529 2712 628 2771 1959
653 2730 719 2772 core
741 2706 782 2775 1³¹
804 2733 877 2791 mg.:
897 2730 990 2786 parce
1013 2730 1044 2772 ω

514 2809 546 2867 Π
589 2812 630 2869 70
655 2809 720 2869 Gerr
741 2814 782 2869 P:
807 2810 868 2870 Ceu
891 2827 922 2901 ῳ

514 2959 546 3017 Π
562 2961 623 3032 165
642 2914 790 3035 praeliabis
811 2953 865 3020 P²:
883 2961 1008 3034 pellacis
1032 2977 1062 3019 ω

370 3084 490 3143 possum
521 3067 609 3141 plura
639 3067 772 3141 proferre
800 3086 836 3126 ex
864 3066 1028 3142 Thebaide,
1060 3085 1076 3124 e
1104 3065 1213 3140 quibus
1247 3051 1386 3127 nonnulle

369 3165 502 3224 invenies
524 3166 557 3221 in
580 3163 702 3221 Miilleri
724 3166 873 3240 apparatu
896 3165 999 3224 critico
1024 3195 1066 3237 ε
1089 3181 1161 3221 nam
1183 3161 1384 3222 Kohlmannus

243 3289 248 3298 v
369 3263 431 3321 fere
453 3261 584 3339 neglexit
606 3261 694 3319 huius
718 3263 833 3337 generis
857 3279 969 3321 errores
988 3292 1040 3335 -,
1059 3259 1110 3319 sed
1128 3258 1264 3319 sufficere
1289 3277 1383 3320 censeo

371 3379 414 3434 ea,
429 3379 505 3434 quae
520 3360 669 3434 exscripsi,
684 3358 722 3417 ad
734 3358 956 3418 inlustrandum
969 3358 1008 3433 id,
1023 3356 1102 3432 quod
1115 3359 1287 3417 ostensurus
1304 3376 1383 3418 eran

443 3520 469 3586 1)
488 3518 523 3570 de
542 3517 675 3571 hocloco
695 3519 802 3570 certum
820 3518 958 3572 iudicium
975 3535 1032 3572 non
1051 3517 1141 3571 audeo
1160 3516 1242 3571 ferre.
1272 3517 1382 3587 possunt

371 3597 446 3649 enim
465 3597 661 3665 supplemento
678 3597 841 3651 recentioris
861 3598 1007 3651 cuiusdam
1026 3596 1188 3651 correctoris
1208 3613 1287 3672 esse„

442 3679 468 3745 2)
491 3676 538 3729 hic
561 3676 638 3730 locus
662 3676 749 3730 etiam
771 3676 945 3732 luculentum
967 3677 1115 3732 verborum
1137 3676 1213 3732 male
1237 3678 1380 3733 divisorum

371 3754 528 3823 exemplum
545 3756 670 3824 praebet.
