3317 4434
316 433 359 496 92
671 431 702 486 r.
721 431 845 485 PAPINI
862 430 982 486 suern

318 600 370 641 me
398 582 431 640 eh
459 577 497 641 de
526 575 606 660 ipsis
629 576 745 640 studiis
772 579 926 660 meretur,
953 577 1121 662 imputare
1150 577 1239 642 eliam
1254 575 1288 640 fili

320 688 459 750 possum.
496 665 675 729 Maximum
688 664 824 730 Vibium
843 669 876 729 et
890 665 1064 752 dignitatis
1082 670 1117 730 et
1137 663 1291 750 eloquentie

320 753 448 818 nomine
482 777 501 818 a
531 753 628 819 nobis
661 753 754 840 diligi
792 753 870 818 satis
903 775 991 818 eram
1022 757 1169 820 testatus
1194 751 1293 840 epistol

322 866 418 926 quam
442 842 482 905 ad
505 843 598 906 illum
622 843 660 907 de
679 843 819 906 editione
838 842 1022 907 Thebaidos
1045 865 1141 908 meae
1164 839 1295 930 publicavi

321 931 377 997 sed
405 954 490 995 nunc
517 953 645 1016 quoque
674 954 747 995 eum
770 931 887 996 reverti
918 930 1080 1032 maturius
1113 955 1157 998 ex
1179 929 1297 1032 Dulmpfi

319 1019 781 1193 ldlddllsssfllllll
792 1019 1301 1196 lllllilllffill:

321 1221 406 1283 rum,
434 1197 485 1262 cui
519 1198 666 1284 gratulor
698 1197 785 1280 quod
812 1196 984 1281 Neapolim
1017 1201 1175 1264 nostram
1209 1217 1301 1264 numa·

321 1287 498 1352 liberorum
521 1286 748 1351 honestarent.
785 1285 894 1351 Plotio
918 1283 1040 1370 Grypo,
1062 1287 1203 1354 maioris
1223 1285 1302 1376 gradu

319 1376 441 1459 iuveni,
469 1375 598 1460 dignius
629 1374 822 1458 opusculum
849 1373 993 1458 reddam,
1020 1375 1081 1440 sed
1108 1376 1242 1442 interim
1257 1375 1302 1440 le

319 1463 554 1548 decasyllabos,
578 1485 658 1546 quos
676 1462 904 1528 Saturnalibus
926 1485 990 1528 una
1011 1463 1169 1549 risimus,
1190 1465 1259 1530 huic
1273 1483 1302 1526 n·

318 1552 433 1616 lumini
457 1552 584 1615 inserui.

386 1663 483 1725 quare
495 1653 576 1726 'ergo
590 1641 685 1724 plura
700 1642 732 1705 in
752 1645 868 1726 quarto
882 1639 1033 1706 silvarum
1051 1663 1158 1726 quam
1177 1643 1212 1708 in
1228 1639 1304 1728 priai

318 1730 402 1794 bus?
424 1751 466 1792 ne
490 1751 523 1793 se
546 1733 663 1812 putent
686 1729 810 1814 aliquid
834 1729 951 1816 egisse,
971 1729 1026 1814 qui
1050 1731 1305 1816 reprehenderim

317 1821 354 1881 ul
388 1817 496 1900 audio,
529 1818 615 1901 quod
645 1819 707 1883 hoc
739 1818 807 1883 stili
830 1840 934 1904 genus
963 1818 1151 1886 edidissem.
1203 1821 1305 1906 primu

318 1928 552 1990 supervacuum
578 1911 627 1971 esi
650 1907 834 1972 dissuadere
856 1929 925 1972 rem
942 1907 1078 1994 factam,
1100 1909 1223 1976 deinde
1238 1907 1306 1976 mulh

319 2017 358 2060 ex
386 1995 452 2059 illis
479 1996 543 2059 iam
572 1995 701 2059 domino
725 1994 852 2061 Caesari
880 1996 1043 2082 dederam,
1067 2001 1102 2062 el
1133 2003 1256 2084 quanto
1270 1997 1306 2062 h·

321 2085 396 2169 plus
418 2088 467 2148 est
491 2107 586 2168 quam
610 2084 724 2149 edere?
748 2107 896 2149 exercere
918 2090 1027 2150 antem
1050 2085 1127 2152 ioco
1152 2110 1222 2154 non
1239 2081 1306 2152 licell

320 2174 478 2239 ‘secreto'
500 2173 615 2257 inquit.
658 2173 768 2238 sedet
792 2173 1075 2258 sphaeromachias
1098 2175 1307 2261 spectamus&

320 2262 440 2347 palaris
458 2262 541 2327 lusio
560 2262 711 2326 admittit.
752 2262 939 2328 novissime:
961 2263 1113 2348 quisquis
1134 2287 1180 2332 ex
1199 2263 1308 2332 moisir

319 2352 405 2416 ritus
424 2351 546 2435 aliquid
563 2351 653 2437 legit,
672 2351 784 2415 statim
802 2374 837 2416 se
855 2352 1048 2436 profiteatur
1071 2353 1254 2422 adversum
1276 2353 1308 2432 ih

320 2462 417 2522 quare
455 2440 588 2506 oonsilio
622 2440 690 2505 eius
728 2440 898 2505 accedam?
937 2441 973 2506 in
1008 2463 1192 2531 summam,
1225 2459 1308 2524 neap·

321 2551 381 2614 ego
406 2551 477 2592 sum
501 2529 556 2612 qui
580 2529 742 2611 traducor;
766 2533 871 2594 laceat
895 2533 928 2594 et
946 2529 1096 2615 gaudeat.
1120 2531 1214 2598 hunc
1233 2537 1308 2598 um

318 2616 440 2681 librum
463 2621 509 2700 hu,
531 2618 691 2705 Marcelle,
715 2618 874 2701 defendes,
897 2621 930 2682 el
953 2619 981 2683 si
1002 2617 1148 2708 videtur,
1174 2622 1309 2698 hachem

320 2705 370 2768 sin
393 2706 513 2789 minus,
536 2707 814 2791 reprehendemur.
860 2707 939 2772 vale.

409 2904 442 2950 ‘32
461 2897 567 2952 virium
579 2899 633 2955 1¹:
652 2917 760 2952 niumm
832 2906 867 2954 24
884 2899 999 2955 thebais
1017 2900 1103 2956 scetii
1120 2903 1169 2956 1¹
1185 2907 1220 2960 ia
1233 2919 1278 2974 up.

322 2975 356 3022 38
375 2968 449 3023 ioco:
468 2968 543 3024 iocos
562 2988 576 3022 e
661 2975 694 3023 39
714 2969 815 3040 sphero
833 2970 960 3025 maehias
1050 2977 1087 3026 40
1104 2973 1221 3043 palaris
1237 3005 1267 3016 -
1279 2967 1310 3024 ul

320 3039 422 3095 mittit:
440 3039 582 3110 pilaris-
593 3040 784 3101 admittiturs
856 3049 889 3097 41
909 3041 1088 3112 profiteatur:
1107 3045 1260 3114 profitetur
1271 3055 1309 3104 fl.

320 3113 430 3165 Aldina
443 3112 580 3167 Vahlemcs
668 3119 703 3166 44
722 3112 771 3166 sed
785 3113 810 3166 si
828 3113 948 3183 videtur,
962 3113 1110 3170 hactenns.
1149 3117 1228 3173 hunc
1242 3117 1308 3172 lm

320 3181 425 3235 librum
438 3185 470 3236 tu
484 3182 617 3238 Marcelle
631 3183 773 3253 defendes,
788 3183 833 3237 sin
845 3184 949 3254 minus,
962 3184 1210 3254 reprehendemur
1217 3187 1308 3246 Volua

319 3255 372 3307 alii
390 3255 449 3318 alio
520 3259 553 3308 45
573 3272 641 3308 vm
659 3256 752 3310 mbrr's
771 3257 869 3310 litteris
