3317 4434
364 441 528 499 imvm
767 437 973 495 PRAEFATIO

431 595 483 654 sed
512 594 601 652 finem
629 593 817 669 imponamus
843 591 916 651 huie
937 590 974 650 de
1000 590 1133 669 nageb
1148 591 1239 652 1ιά
1255 583 1384 670 ῌὲ

364 684 449 744 tioni.
487 682 558 758 qnid
580 685 676 741 restat
697 682 756 740 nisi
777 686 813 741 ut
837 681 950 759 gratias
974 697 1063 758 agam
1086 679 1131 739 eis
1155 699 1298 757 quornm
1313 683 1385 741 auni-

366 774 441 831 lium
463 772 538 830 mihi
559 770 592 829 in
614 769 706 829 Silvis
729 769 850 829 edendis
867 772 988 845 praesto
1011 766 1092 827 finit?
1124 772 1228 846 atque
1245 770 1384 849 imprimis

365 860 562 922 nominandus
581 863 627 918 est
644 859 811 918 Friderious
824 858 896 932 Leo,
915 858 967 933 qui
986 857 1143 934 quaerenti
1161 860 1248 918 mihi
1267 860 1306 919 de
1323 859 1385 920 lau

365 949 446 1009 haud
464 949 567 1026 paneis
587 947 659 1025 quid
678 948 803 1007 sentiret
820 966 874 1022 per
892 946 1010 1005 litteias
1023 946 1249 1025 benignissime
1269 949 1385 1032 apernit,

365 1038 503 1114 sequitur
524 1037 691 1097 Friderieus
709 1035 853 1111 Vollmer,
871 1036 954 1095 euius
973 1035 1102 1094 editione
1122 1040 1323 1114 quantopere
1340 1037 1386 1096 Sil·

368 1145 474 1187 rarum
495 1126 705 1202 interpretatio
728 1125 768 1183 sit
794 1127 936 1200 proveeta
962 1142 1022 1183 non
1051 1143 1152 1182 meum
1181 1129 1237 1185 est
1263 1126 1384 1186 laudata

366 1216 446 1275 idem
468 1216 516 1275 vir
543 1215 647 1274 doetus
674 1217 705 1272 et
731 1213 828 1271 multa
855 1230 931 1289 quae
957 1213 1022 1289 ipse
1047 1212 1224 1290 eollegerat
1253 1234 1292 1274 ex
1319 1214 1384 1275 sodi

366 1305 460 1380 cibus,
485 1303 632 1380 imprimis
659 1305 798 1362 notarum
825 1301 1061 1360 Politianearum
1087 1301 1298 1363 collationem
1322 1301 1385 1363 mibi

367 1393 504 1470 permisit
521 1396 552 1451 et
569 1392 601 1449 in
623 1391 850 1466 typothetarum
872 1390 1020 1450 erroribus
1038 1390 1254 1452 emaculamdis
1272 1411 1386 1472 magno·

367 1501 438 1558 pere
456 1501 503 1539 me
522 1480 645 1539 adiuvit.
666 1479 761 1537 'idem
779 1497 887 1538 munus
905 1482 936 1537 et
954 1481 1087 1538 sesoenta
1103 1478 1170 1537 alia
1192 1480 1293 1541 debeo
1313 1481 1384 1540 iias

367 1572 438 1629 riti0
466 1570 583 1643 Krohn‚
610 1568 693 1628 euius
716 1587 783 1627 eum
815 1567 851 1626 de
880 1567 978 1627 Statio
1008 1570 1075 1626 tum
1104 1567 1142 1625 de
1173 1568 1239 1629 bae
1261 1571 1384 1629 editione

368 1659 476 1717 merita
498 1658 585 1716 iustis
608 1657 710 1715 efferre
733 1656 872 1715 laudibus
890 1657 941 1715 vix
962 1675 1052 1733 penes
1074 1675 1123 1714 me
1144 1660 1207 1716 est.

437 1781 606 1840 Scribebam
628 1781 779 1840 Monachii
801 1780 845 1839 Id.
868 1780 938 1839 Deo.
963 1781 1057 1840 1899.

1028 1931 1189 2001 aldedus
1215 1935 1331 2006 Klotz.

641 2347 803 2407 addenda
829 2351 866 2405 et
893 2346 1115 2425 corrigenda.

441 2502 467 2552 p.
483 2483 560 2537 XVII
577 2482 595 2535 l.
611 2488 645 2535 29
665 2484 719 2553 que
738 2481 860 2550 denique
874 2498 928 2549 pro
947 2480 1075 2550 denlque.

441 2573 468 2623 p.
483 2554 561 2607 XVII
584 2554 619 2607 de
642 2554 738 2607 codice
756 2560 780 2605 K
807 2552 841 2606 ef.
857 2552 979 2620 Nolhae‚
1006 2552 1207 2621 bibliotheque
1233 2556 1272 2609 de
1295 2555 1385 2611 Fulvio

372 2625 465 2679 Orsini
483 2643 510 2693 p.
526 2630 587 2691 229,
605 2625 641 2677 de
660 2624 755 2677 oodioe
775 2630 796 2683 Q
823 2624 861 2677 ib.
880 2641 908 2692 p.
924 2629 983 2677 241.
1004 2630 1064 2679 364.

441 2713 469 2764 p.
485 2702 501 2749 5
521 2693 615 2748 deleas
629 2695 884 2763 interpunctionem
893 2697 958 2764 post
976 2713 1000 2749 v.
1010 2701 1054 2764 42,
1065 2696 1134 2749 item
1147 2712 1175 2763 p.
1187 2700 1226 2749 23
1235 2701 1308 2767 post
1316 2716 1340 2753 v.
1349 2702 1384 2751 99.

441 2784 469 2834 p.
484 2771 518 2818 49
537 2783 561 2818 v.
576 2770 611 2818 39
628 2767 694 2819 aisa
713 2764 867 2820 substituas
885 2783 937 2835 pro
955 2767 1022 2821 vises.

446 2855 473 2906 p.
490 2842 524 2890 55
542 2853 566 2889 v.
583 2841 617 2888 64
635 2836 698 2888 adn.
718 2852 769 2905 pro
789 2836 953 2907 Madoiqe'es
970 2833 1048 2907 legas
1066 2836 1212 2891 Heinsius.

441 2925 469 2975 p.
485 2912 544 2959 114.
565 2912 590 2973 8,
605 2912 621 2959 8
640 2909 695 2977 Iepe
713 2906 868 2961 Dieareheo
883 2924 936 2976 pro
954 2907 1133 2962 Dicearehao.

443 2996 470 3046 p.
485 2976 610 3031 LXXVII
627 2976 645 3029 1.
662 2982 695 3030 18
714 2980 845 3032 odoratus
863 2995 917 3033 esse
934 2978 1013 3048 legas
1030 2993 1081 3046 pro
1100 2978 1270 3036 adoravisse.

443 3065 507 3102 mea
522 3048 605 3117 eulpa
618 3048 648 3101 in
661 3049 830 3119 paginarum
839 3048 1030 3119 librorumque
1043 3047 1135 3102 titulis
1145 3047 1271 3105 sunan
1285 3054 1385 3107 editum

374 3122 428 3173 est:
447 3136 566 3189 reponas
585 3136 689 3189 quaeso
709 3119 820 3174 STATI.

444 3190 552 3245 Ktohni
569 3190 746 3261 benignitate
766 3192 803 3245 ad
816 3191 990 3245 Matritensis
1008 3190 1075 3244 libri
1092 3191 1217 3260 speeiem
1237 3193 1386 3250 inlustran-

373 3262 440 3316 dam
459 3263 611 3332 imagInem
629 3262 678 3316 fol.
694 3269 742 3316 64ει
761 3263 864 3317 addere
878 3262 967 3331 potui,
982 3261 1058 3330 quod
1076 3262 1203 3316 eontinet
1222 3266 1314 3334 primi
1327 3262 1386 3319 libri

373 3332 587 3403 praefationem,
600 3334 715 3388 modulo
734 3335 772 3388 ad
785 3334 935 3387 dimidIum
947 3333 1007 3388 fere
1020 3333 1134 3387 redacto
1154 3336 1220 3403 (166
1237 3358 1243 3391 :
1260 3342 1306 3405 90,
1322 3341 1356 3408 2).
