3317 4434
682 449 712 504 P.
731 448 856 502 PAPINI
874 448 991 503 suurn
1124 504 1128 511 ,

328 594 379 658 los
397 594 489 678 quasi
505 594 747 680 epigrammatis
762 594 834 658 loco
856 593 1000 677 scriptos
1038 594 1181 661 eandem
1201 593 1320 682 exigotrl

329 681 398 747 stili
421 681 610 747 facilitatem
637 683 688 748 leo
711 685 908 766 mansuetus,
930 703 1026 766 quem
1049 680 1086 746 in
1110 683 1322 769 amphithaabr
1348 671 1361 713 l

328 768 1324 858 prostratumfrigidumerat,sacratissimolmperatorinistatin
1352 738 1361 871 l

329 860 496 924 traderem.
533 860 573 924 ad
591 860 711 925 Ursum
735 881 864 943 quoque
886 863 1043 944 nostrum,
1065 857 1225 926 iuvenem
1246 856 1324 927 cauli

329 948 496 1013 dissimum
515 953 549 1014 et
567 948 635 1013 sine
653 948 777 1013 iactura
791 946 931 1012 desidiae
945 946 1188 1038 doctissimum,
1201 949 1328 1035 scriptu

328 1037 368 1101 do
400 1037 517 1102 amisso
553 1060 653 1122 puero
695 1037 947 1102 consolationem
978 1058 1077 1122 super
1111 1060 1154 1103 ea
1182 1034 1329 1125 quaeiqd

329 1126 429 1191 dobeo
457 1126 532 1190 huic
560 1126 645 1191 libro
672 1125 814 1190 libenter
836 1123 970 1209 inserui,
998 1123 1075 1209 quia
1098 1126 1265 1193 honorem
1282 1126 1329 1192 eiu

331 1214 394 1279 tibi
425 1215 551 1279 laturus
579 1219 718 1300 accepto.
768 1213 910 1279 excludit
940 1214 1093 1281 volumen
1122 1216 1330 1303 genethlium

328 1302 459 1387 Lucani,
482 1304 568 1388 quod
585 1303 678 1368 Polla
696 1301 902 1389 Argentaria,
923 1300 1087 1367 rarissima
1108 1326 1264 1392 uxorum,
1279 1324 1331 1370 cun

328 1393 414 1456 hunc
448 1391 532 1456 diem
559 1392 643 1456 forte
672 1391 923 1477 consuleremus,
954 1390 1114 1476 imputari
1144 1393 1213 1460 sibi
1242 1390 1330 1461 voluit

331 1502 392 1566 ego
415 1503 481 1544 non
503 1480 596 1564 potui
619 1480 773 1545 maiorem
795 1479 880 1545 tanti
898 1479 1039 1545 auctoris
1060 1480 1193 1549 habere
1211 1502 1330 1549 ravo&

328 1569 406 1632 tiam
430 1589 527 1652 quam
551 1570 637 1653 quod
658 1569 769 1633 laudes
794 1568 863 1633 eius
877 1568 1021 1634 dicturus
1033 1568 1331 1638 hexametrosmeu

327 1657 431 1720 timui.
476 1656 556 1721 haec
583 1657 827 1742 qualiacumque
855 1661 946 1741 sunt,
971 1656 1090 1724 Melior
1112 1654 1330 1747 carissime,e'

327 1745 390 1809 tibi
408 1767 475 1810 non
489 1745 718 1831 displicuerint,
736 1769 756 1810 a
768 1750 802 1810 tc
816 1745 983 1831 publicum
997 1746 1180 1835 accipiant;
1195 1750 1225 1815 si
1238 1749 1330 1833 minus

328 1833 368 1897 ad
390 1857 441 1898 me
464 1839 674 1900 revertantur.

727 2086 939 2095 ——--—-

821 2364 847 2430 Ι.

464 2506 641 2561 GLAUCIAS
659 2506 783 2560 ATEDII
800 2505 972 2561 MELIORJS
990 2505 1211 2567 nuncnune.

394 2632 485 2708 Quod
508 2632 572 2697 tibi
595 2632 773 2717 praerepti,
795 2632 920 2718 Melior,
944 2632 1088 2698 solamon
1111 2633 1256 2722 alumni,

326 2720 496 2803 improbus
519 2725 594 2785 ante
616 2743 714 2807 rogos
737 2725 770 2785 et
793 2721 897 2786 adhuc
920 2721 1046 2786 vivente
1068 2721 1189 2788 favilla

326 2807 453 2878 ordiar?
486 2809 635 2893 abruptis
659 2810 756 2873 etiam
778 2832 865 2874 nunc
888 2809 997 2875 flebile
1019 2810 1112 2874 venis

323 2895 440 2961 vulnus
462 2896 541 2981 hiat,
563 2919 762 2983 magnaeque
784 2902 876 2983 patet
898 2899 951 2963 via
972 2897 1099 2963 lubrica
1121 2899 1254 2989 plagae.

326 3006 398 3049 curn
422 2985 486 3049 ianr
509 2991 637 3072 egomet
660 2991 773 3051 cantus
797 2991 828 3051 et
852 2988 951 3051 verba
968 2986 1132 3052 medentia
1150 3010 1269 3055 saevus

325 3073 469 3161 confero,
491 3078 528 3138 tu
550 3074 700 3160 planctus
722 3076 927 3159 lamentaque
949 3075 1047 3139 fortia
1070 3076 1180 3142 mavis

326 3161 487 3247 odistique
510 3164 626 3249 chelyn
649 3165 808 3248 surdaque
832 3164 986 3229 averteris
1008 3186 1093 3229 aure.

324 3252 520 3336 intempesta
543 3276 635 3318 cano:
659 3253 754 3317 citius
777 3275 828 3317 me
852 3252 948 3339 tigris
970 3251 1094 3316 abactis

396 3523 429 3569 26
449 3516 626 3570 dotissimum
698 3521 731 3568 28
750 3515 838 3570 debeo
858 3533 888 3575 3:
908 3516 995 3571 dohec
1066 3521 1099 3569 29
1119 3515 1268 3574 Excluditr
1283 3514 1322 3569 ert

324 3586 414 3640 cludit
431 3588 597 3657 Madoiyias
620 3588 702 3655 (idem
723 3604 785 3641 cum
803 3603 832 3646 ςι
861 3590 1016 3657 acceptum)
1125 3592 1161 3641 30
1180 3587 1321 3643 nucina:

324 3657 471 3711 carissima
488 3656 529 3709 1¹
634 3662 668 3709 33
687 3656 758 3710 laius
777 3657 801 3725 (l
813 3661 897 3728 prius
914 3659 964 3714 dez.
983 3657 1032 3728 1¹,
1059 3675 1121 3740 exp.
1140 3658 1196 3730 1¹)

394 3728 414 3782 Ι.
434 3735 450 3781 6
470 3728 582 3782 confero
599 3747 628 3780 a:
656 3744 771 3782 consero
842 3729 956 3798 plantus
1028 3730 1188 3783 maus1²
1213 3734 1246 3787 in
1269 3745 1321 3800 urps

315 3815 418 3852 manus
491 3798 564 3855 8ab
583 3797 656 3856 actis
