3317 4434
314 435 317 440 ·
375 419 428 473 XII
739 418 864 473 Editoris
881 418 1030 517 praefatio.

442 605 461 644 a
474 587 614 646 lacunoso
627 586 788 664 archetypo
803 581 988 646 descendisse
1003 586 1187 647 Puteaueum
1201 586 1277 646 satis
1292 587 1396 663 opinor

374 704 410 743 ex
433 686 475 743 eis
499 685 603 759 clucet,
633 703 708 760 quac
732 684 827 743 adhuc
851 686 1048 762 exposuimus.
1093 686 1196 743 tamen
1219 687 1246 744 si
1270 687 1338 760 quis
1361 704 1393 743 ex

372 783 438 858 ipso
462 782 516 841 illo
535 783 738 841 vetustissimo
757 782 835 841 libro
854 802 922 841 eum
940 783 1153 859 transcriptum
1172 800 1236 842 esse
1254 785 1392 856 censeret

372 880 563 939 vehementer
590 881 668 939 hunc
700 884 868 939 erratorum
895 897 958 939 esse
986 879 1121 939 arbitror.
1171 898 1244 938 nam
1278 883 1390 939 exstant

371 979 499 1056 vestigia
526 996 586 1037 non
614 979 687 1038 adeo
712 979 822 1053 multa,
850 980 951 1037 tamen
974 980 1101 1053 exstant,
1123 977 1232 1053 quibus
1256 997 1273 1036 e
1296 996 1388 1036 recen·

370 1078 447 1136 tiore
465 1077 596 1153 quodam
614 1076 713 1135 codice
732 1075 918 1135 Puteaneum
937 1074 1054 1135 fluxisse
1073 1074 1225 1150 probetur.
1253 1074 1386 1133 librarius

373 1175 454 1232 onim
482 1175 553 1232 licet
579 1176 612 1231 in
641 1175 821 1247 universum,
849 1192 938 1249 quem
966 1176 1034 1232 ante
1062 1190 1093 1232 se
1116 1172 1248 1232 habebat
1276 1173 1385 1246 librum,

371 1273 445 1331 satis
463 1271 592 1330 fideliter
610 1272 795 1348 expresserit,
817 1274 919 1330 tamen
941 1270 989 1329 hio
1012 1271 1076 1329 illic
1099 1253 1273 1329 litterarum
1291 1270 1383 1329 formis

370 1387 446 1444 quae
470 1371 556 1427 erant
577 1370 610 1426 in
634 1370 808 1445 exemplari,
833 1371 866 1427 111
889 1387 1018 1427 errorem
1040 1367 1179 1427 inductus
1204 1370 1250 1427 est
1273 1370 1321 1427 vel
1342 1384 1382 1426 eas

369 1468 431 1525 sive
460 1467 595 1526 consulto
623 1467 684 1525 sive
712 1466 839 1526 fortuito
866 1468 995 1542 repetiit.
1042 1485 1100 1541 quo
1128 1468 1161 1524 in
1188 1484 1314 1524 numero
1335 1467 1380 1522 im·

368 1565 472 1638 pn'mis
503 1562 560 1622 hoo
590 1562 760 1621 habendum
792 1567 838 1623 cst
866 1563 945 1639 quod
971 1564 1090 1624 litterae
1117 1583 1138 1623 a
1165 1566 1196 1622 et
1222 1582 1245 1622 u
1275 1564 1380 1639 saepius

368 1661 448 1719 inter
471 1678 501 1720 se
525 1663 754 1719 commutantm.
800 1661 852 1721 sed
875 1679 949 1737 opus
973 1663 1076 1720 estex
1099 1661 1251 1719 Thebaide
1276 1677 1378 1736 quoque

369 1758 505 1834 exempla
524 1776 689 1836 congerere,
707 1762 866 1835 propterea
885 1758 964 1834 quod
983 1758 1143 1817 admodum
1160 1777 1230 1817 raro
1250 1758 1378 1817 librarius

367 1856 409 1913 sic
436 1857 580 1931 peccavit.
630 1858 791 1932 praemitto
820 1859 922 1915 autem
953 1856 1154 1932 compluribus
1183 1858 1256 1916 locis
1289 1872 1379 1933 proc

366 1954 509 2029 scriptam
537 1971 599 2012 esse
628 1953 704 2012 hanc
731 1955 860 2012 formam
886 1970 926 2028 rr,
953 1955 1037 2013 velut
1058 1953 1251 2013 Ach.1223
1275 1956 1376 2027 sonore

366 2050 457 2110 Theb.
471 2051 531 2109 VII
546 2052 610 2109 348
630 2051 734 2110 11111111
753 2043 826 2132 (quo
841 2052 906 2111 loco
920 2052 969 2110 vel
983 2050 1190 2111 Kohlmannus
1210 2054 1278 2111 -cim
1292 2042 1379 2129 legit),

369 2147 459 2207 Tbeb.
478 2148 506 2205 X
527 2150 589 2206 724
613 2140 717 2229 estol)
761 2151 872 2226 erroris
896 2151 997 2207 autom
1019 2149 1114 2225 ipsius
1137 2150 1211 2209 haec
1234 2151 1297 2209 fore
1319 2150 1380 2208 sunt

366 2247 514 2321 exempla:

478 2395 568 2454 Theb.
587 2396 619 2454 11
638 2396 702 2454 454
725 2351 832 2455 mllros
854 2388 907 2455 P1:
931 2414 1031 2456 muros
1053 2414 1085 2456 ω

571 2493 618 2551 ΠΙ
661 2496 701 2551 79
725 2496 829 2568 simois
847 2498 887 2553 P:
900 2494 1042 2569 priapos
1062 2493 1130 2568 (vel.
1145 2488 1226 2577 sim.)
1247 2489 1311 2578 111)

571 2590 618 2648 ΙΠ
638 2592 701 2649 343
725 2592 830 2650 caudet
851 2596 890 2650 P:
913 2591 1018 2650 suadet
1040 2608 1071 2650 ω

572 2687 619 2745 ΠΙ
639 2689 703 2747 350
727 2693 801 2761 cqud'
822 2693 863 2747 P:
886 2706 1011 2762 acquum
1034 2705 1065 2747 ω

570 2784 615 2842 IV
634 2787 696 2843 241
716 2789 821 2859 patria
844 2791 883 2845 P:
901 2788 1007 2859 poturo
1030 2803 1062 2845 ω

568 2882 613 2939 Ν
632 2883 695 2941 386
719 2883 837 2959 brocco
859 2889 899 2945 P:
921 2885 1039 2960 lpcwryo
1062 2901 1093 2943 ω

568 2978 612 3036 IV
632 2980 694 3038 395
713 2982 816 3055 pseud
838 2986 878 3041 P:
895 2984 1060 3055 profueram
1082 2998 1113 3040 ω

465 3095 466 3098 ’
568 3076 612 3135 IV
632 3078 695 3166 803
719 3077 818 3138 Arcas
840 3083 880 3138 P:
903 3078 1005 3153 Arcus
1027 3072 1091 3160 1113)

369 3341 371 3344 .
432 3310 458 3377 1)
478 3308 564 3363 etiam
582 3308 651 3363 Ach.
670 3307 754 3361 1519
773 3309 803 3362 in
826 3309 920 3363 medie
938 3309 1014 3363 vocis
1038 3310 1155 3376 adfatur
1174 3310 1287 3378 syllaba
1307 3332 1325 3368 a
1343 3313 1379 3367 sic

360 3387 495 3456 scriptum
514 3389 564 3455 est,
583 3389 616 3442 ut
634 3387 725 3441 simile
740 3388 778 3440 sit
796 3388 909 3443 litterae
923 3407 950 3443 c.

431 3469 458 3536 2)
476 3468 571 3521 utrum
590 3470 647 3522 oris
665 3483 701 3520 an
720 3469 778 3522 -c'ue
791 3468 911 3522 voluerit
924 3468 1057 3522 librarius
1071 3469 1117 3523 vix
1130 3468 1199 3523 licet
1213 3470 1376 3528 discernere.

359 3546 480 3601 fortasse
503 3548 564 3616 ipse
588 3546 730 3600 dubitavit
752 3547 782 3599 in
805 3549 918 3602 nomine
937 3550 1050 3618 proprio
1069 3565 1170 3619 parum
1189 3552 1267 3619 noto,
1286 3553 1378 3607 verisi-

358 3626 453 3679 milius
472 3627 568 3680 tamen
587 3629 652 3681 -uc's

429 3709 455 3775 3)
469 3707 499 3759 in
514 3706 666 3775 exemplari
681 3707 772 3761 Arcus
786 3707 922 3776 scriptum
936 3708 1023 3763 fuisse
1037 3708 1189 3777 putaveris,
1204 3711 1280 3765 unde
1294 3709 1374 3764 facile

357 3784 489 3839 librarius
507 3786 603 3855 potuit
621 3786 675 3839 sibi
693 3788 863 3855 persuadere
881 3789 993 3843 Arcada
1012 3788 1069 3842 dici
1086 3805 1138 3858 pro
1157 3790 1243 3859 Argo.
