<?xml version="1.0" encoding="UTF-8"?>
<!DOCTYPE html PUBLIC "-//W3C//DTD XHTML 1.0 Transitional//EN"
    "http://www.w3.org/TR/xhtml1/DTD/xhtml1-transitional.dtd">
<html xmlns="http://www.w3.org/1999/xhtml" xml:lang="en" lang="en">
 <head>
  <title>
</title>
<meta http-equiv="Content-Type" content="text/html;charset=utf-8" />
  <meta name='ocr-system' content='tesseract 3.04.00' />
  <meta name='ocr-capabilities' content='ocr_page ocr_carea ocr_par ocr_line ocrx_word'/>
</head>
<body>
  <div class='ocr_page' id='page_1' title='image "./opera01statgoog_0192.png"; bbox 0 0 3317 4434; ppageno 0'>
   <div class='ocr_carea' id='block_1_1' title="bbox 323 407 984 474">
    <p class='ocr_par' dir='ltr' id='par_1_1' title="bbox 323 407 984 474">
     <span class='ocr_line' id='line_1_1' title="bbox 323 407 984 474; baseline 0.014 -19"><span class='ocrx_word' id='word_1_1' title='bbox 323 409 365 474; x_wconf 80' lang='lat'><strong>96</strong></span> <span class='ocrx_word' id='word_1_2' title='bbox 672 408 701 462; x_wconf 77' lang='lat' dir='ltr'><strong>e.</strong></span> <span class='ocrx_word' id='word_1_3' title='bbox 722 407 984 464; x_wconf 77' lang='lat' dir='ltr'><strong>parm1suaun</strong></span> 
     </span>
    </p>
   </div>
   <div class='ocr_carea' id='block_1_2' title="bbox 318 551 1304 3208">
    <p class='ocr_par' dir='ltr' id='par_1_2' title="bbox 318 551 1296 2237">
     <span class='ocr_line' id='line_1_2' title="bbox 389 551 1234 638; baseline 0.006 -22"><span class='ocrx_word' id='word_1_4' title='bbox 389 552 443 616; x_wconf 87' lang='lat' dir='ltr'><strong>sed</strong></span> <span class='ocrx_word' id='word_1_5' title='bbox 463 552 542 616; x_wconf 89' lang='lat' dir='ltr'><strong>mihi</strong></span> <span class='ocrx_word' id='word_1_6' title='bbox 560 573 626 616; x_wconf 90' lang='lat' dir='ltr'><strong>non</strong></span> <span class='ocrx_word' id='word_1_7' title='bbox 645 553 758 638; x_wconf 90' lang='lat' dir='ltr'><strong>epulas</strong></span> <span class='ocrx_word' id='word_1_8' title='bbox 777 551 929 636; x_wconf 87' lang='lat' dir='ltr'><strong>Indisque</strong></span> <span class='ocrx_word' id='word_1_9' title='bbox 947 553 1065 618; x_wconf 85' lang='lat' dir='ltr'><strong>innixa</strong></span> <span class='ocrx_word' id='word_1_10' title='bbox 1083 553 1234 620; x_wconf 88' lang='lat' dir='ltr'><strong>columnis</strong></span> 
     </span>
     <span class='ocr_line' id='line_1_3' title="bbox 319 641 1282 730; baseline 0.004 -25"><span class='ocrx_word' id='word_1_11' title='bbox 319 642 439 706; x_wconf 91' lang='lat' dir='ltr'><strong>robora</strong></span> <span class='ocrx_word' id='word_1_12' title='bbox 460 641 646 706; x_wconf 89' lang='lat' dir='ltr'><strong>Maurorum</strong></span> <span class='ocrx_word' id='word_1_13' title='bbox 670 641 870 726; x_wconf 76' lang='lat' dir='ltr'><strong>famulasque</strong></span> <span class='ocrx_word' id='word_1_14' title='bbox 893 664 933 706; x_wconf 85' lang='lat' dir='ltr'><strong>ex</strong></span> <span class='ocrx_word' id='word_1_15' title='bbox 956 642 1072 708; x_wconf 85' lang='lat' dir='ltr'><strong>ordine</strong></span> <span class='ocrx_word' id='word_1_16' title='bbox 1096 647 1227 730; x_wconf 83' lang='lat' dir='ltr'><strong>turmas,</strong></span> <span class='ocrx_word' id='word_1_17' title='bbox 1278 651 1282 666; x_wconf 94' lang='lat'>&#39;</span> 
     </span>
     <span class='ocr_line' id='line_1_4' title="bbox 318 729 1290 815; baseline 0.001 -22"><span class='ocrx_word' id='word_1_18' title='bbox 318 730 439 814; x_wconf 87' lang='lat' dir='ltr'><strong>ipsum,</strong></span> <span class='ocrx_word' id='word_1_19' title='bbox 462 729 570 814; x_wconf 91' lang='lat' dir='ltr'><strong>ipsum</strong></span> <span class='ocrx_word' id='word_1_20' title='bbox 594 729 711 814; x_wconf 90' lang='lat' dir='ltr'><strong>cupido</strong></span> <span class='ocrx_word' id='word_1_21' title='bbox 735 734 862 795; x_wconf 90' lang='lat' dir='ltr'><strong>tantum</strong></span> <span class='ocrx_word' id='word_1_22' title='bbox 885 735 1035 815; x_wconf 84' lang='lat' dir='ltr'><strong>spectare</strong></span> <span class='ocrx_word' id='word_1_23' title='bbox 1057 732 1186 798; x_wconf 79' lang='lat' dir='ltr'><strong>vacavit</strong></span> <span class='ocrx_word' id='word_1_24' title='bbox 1274 745 1290 794; x_wconf 75' lang='grc' dir='ltr'>Ι</span> 
     </span>
     <span class='ocr_line' id='line_1_5' title="bbox 318 818 1051 902; baseline 0.004 -20"><span class='ocrx_word' id='word_1_25' title='bbox 318 818 532 902; x_wconf 87' lang='lat' dir='ltr'><strong>tranquillum</strong></span> <span class='ocrx_word' id='word_1_26' title='bbox 555 818 664 883; x_wconf 84' lang='lat' dir='ltr'><strong>vultus</strong></span> <span class='ocrx_word' id='word_1_27' title='bbox 687 823 720 883; x_wconf 93' lang='lat' dir='ltr'><strong>et</strong></span> <span class='ocrx_word' id='word_1_28' title='bbox 742 819 911 884; x_wconf 86' lang='lat' dir='ltr'><strong>maiestate</strong></span> <span class='ocrx_word' id='word_1_29' title='bbox 934 841 1051 886; x_wconf 88' lang='lat' dir='ltr'><strong>serena</strong></span> 
     </span>
     <span class='ocr_line' id='line_1_6' title="bbox 318 907 1162 992; baseline 0.005 -20"><span class='ocrx_word' id='word_1_30' title='bbox 318 908 513 972; x_wconf 77' lang='lat' dir='ltr'>mulcentem</span> <span class='ocrx_word' id='word_1_31' title='bbox 536 907 642 971; x_wconf 90' lang='lat' dir='ltr'><strong>radios</strong></span> <span class='ocrx_word' id='word_1_32' title='bbox 666 908 986 992; x_wconf 75' lang='lat' dir='ltr'><strong>summittentemque</strong></span> <span class='ocrx_word' id='word_1_33' title='bbox 1010 909 1162 976; x_wconf 90' lang='lat' dir='ltr'><strong>modeste</strong></span> 
     </span>
     <span class='ocr_line' id='line_1_7' title="bbox 318 996 1087 1083; baseline 0.005 -23"><span class='ocrx_word' id='word_1_34' title='bbox 318 997 468 1061; x_wconf 79' lang='lat' dir='ltr'><strong>fortunae</strong></span> <span class='ocrx_word' id='word_1_35' title='bbox 492 996 610 1061; x_wconf 84' lang='lat' dir='ltr'><strong>vexilla</strong></span> <span class='ocrx_word' id='word_1_36' title='bbox 632 1018 722 1083; x_wconf 85' lang='lat' dir='ltr'><strong>suae3</strong></span> <span class='ocrx_word' id='word_1_37' title='bbox 745 1000 852 1062; x_wconf 91' lang='lat' dir='ltr'><strong>tamen</strong></span> <span class='ocrx_word' id='word_1_38' title='bbox 877 1019 931 1064; x_wconf 86' lang='lat' dir='ltr'><strong>ore</strong></span> <span class='ocrx_word' id='word_1_39' title='bbox 953 997 1087 1064; x_wconf 87' lang='lat' dir='ltr'><strong>nitebat</strong></span> 
     </span>
     <span class='ocr_line' id='line_1_8' title="bbox 319 1085 1265 1170; baseline 0.007 -22"><span class='ocrx_word' id='word_1_40' title='bbox 319 1085 540 1150; x_wconf 84' lang='lat' dir='ltr'><strong>dissimulatus</strong></span> <span class='ocrx_word' id='word_1_41' title='bbox 562 1085 673 1150; x_wconf 90' lang='lat' dir='ltr'><strong>honos.</strong></span> <span class='ocrx_word' id='word_1_42' title='bbox 718 1085 817 1150; x_wconf 90' lang='lat' dir='ltr'><strong>talem</strong></span> <span class='ocrx_word' id='word_1_43' title='bbox 841 1107 969 1170; x_wconf 92' lang='lat' dir='ltr'><strong>quoque</strong></span> <span class='ocrx_word' id='word_1_44' title='bbox 992 1086 1160 1154; x_wconf 85' lang='lat' dir='ltr'><strong>barbarus</strong></span> <span class='ocrx_word' id='word_1_45' title='bbox 1181 1087 1265 1154; x_wconf 76' lang='lat' dir='ltr'><strong>hostis</strong></span> 
     </span>
     <span class='ocr_line' id='line_1_9' title="bbox 319 1174 1290 1264; baseline 0 -26"><span class='ocrx_word' id='word_1_46' title='bbox 319 1179 430 1258; x_wconf 88' lang='lat' dir='ltr'><strong>posset</strong></span> <span class='ocrx_word' id='word_1_47' title='bbox 453 1178 485 1238; x_wconf 90' lang='lat' dir='ltr'><strong>et</strong></span> <span class='ocrx_word' id='word_1_48' title='bbox 508 1174 638 1260; x_wconf 77' lang='lat' dir='ltr'><strong>ignotae</strong></span> <span class='ocrx_word' id='word_1_49' title='bbox 661 1179 871 1258; x_wconf 89' lang='lat' dir='ltr'><strong>conspectum</strong></span> <span class='ocrx_word' id='word_1_50' title='bbox 893 1197 1071 1262; x_wconf 82' lang='lat' dir='ltr'><strong>agnoscere</strong></span> <span class='ocrx_word' id='word_1_51' title='bbox 1094 1181 1216 1264; x_wconf 81' lang='lat' dir='ltr'><strong>gantas</strong></span> <span class='ocrx_word' id='word_1_52' title='bbox 1273 1189 1290 1238; x_wconf 80' lang='lat' dir='ltr'><strong>u</strong></span> 
     </span>
     <span class='ocr_line' id='line_1_10' title="bbox 321 1261 1186 1348; baseline 0.002 -20"><span class='ocrx_word' id='word_1_53' title='bbox 321 1285 390 1328; x_wconf 91' lang='lat' dir='ltr'><strong>non</strong></span> <span class='ocrx_word' id='word_1_54' title='bbox 412 1263 508 1327; x_wconf 91' lang='lat' dir='ltr'><strong>aliter</strong></span> <span class='ocrx_word' id='word_1_55' title='bbox 530 1263 637 1348; x_wconf 85' lang='lat' dir='ltr'><strong>gelida</strong></span> <span class='ocrx_word' id='word_1_56' title='bbox 659 1261 833 1347; x_wconf 81' lang='lat' dir='ltr'><strong>Rhodopes</strong></span> <span class='ocrx_word' id='word_1_57' title='bbox 855 1263 890 1328; x_wconf 92' lang='lat' dir='ltr'><strong>in</strong></span> <span class='ocrx_word' id='word_1_58' title='bbox 911 1263 995 1329; x_wconf 82' lang='lat' dir='ltr'><strong>valle</strong></span> <span class='ocrx_word' id='word_1_59' title='bbox 1018 1265 1186 1332; x_wconf 80' lang='lat' dir='ltr'><strong>recumbit</strong></span> 
     </span>
     <span class='ocr_line' id='line_1_11' title="bbox 324 1351 1113 1437; baseline 0.005 -22"><span class='ocrx_word' id='word_1_60' title='bbox 324 1351 465 1416; x_wconf 90' lang='lat' dir='ltr'><strong>dimissis</strong></span> <span class='ocrx_word' id='word_1_61' title='bbox 488 1351 645 1416; x_wconf 83' lang='lat' dir='ltr'><strong>Gradivus</strong></span> <span class='ocrx_word' id='word_1_62' title='bbox 668 1351 772 1436; x_wconf 81' lang='lat' dir='ltr'><strong>equis3</strong></span> <span class='ocrx_word' id='word_1_63' title='bbox 796 1352 842 1417; x_wconf 90' lang='lat' dir='ltr'><strong>sic</strong></span> <span class='ocrx_word' id='word_1_64' title='bbox 864 1351 990 1418; x_wconf 87' lang='lat' dir='ltr'><strong>lubrica</strong></span> <span class='ocrx_word' id='word_1_65' title='bbox 1011 1353 1113 1437; x_wconf 91' lang='lat' dir='ltr'><strong>ponit</strong></span> 
     </span>
     <span class='ocr_line' id='line_1_12' title="bbox 322 1440 1221 1528; baseline 0.007 -24"><span class='ocrx_word' id='word_1_66' title='bbox 322 1441 467 1505; x_wconf 90' lang='lat' dir='ltr'><strong>membra</strong></span> <span class='ocrx_word' id='word_1_67' title='bbox 489 1440 698 1524; x_wconf 82' lang='lat' dir='ltr'><strong>Therapnaea</strong></span> <span class='ocrx_word' id='word_1_68' title='bbox 720 1441 881 1506; x_wconf 88' lang='lat' dir='ltr'><strong>resolutus</strong></span> <span class='ocrx_word' id='word_1_69' title='bbox 903 1441 1066 1528; x_wconf 81' lang='lat' dir='ltr'><strong>gymnade</strong></span> <span class='ocrx_word' id='word_1_70' title='bbox 1087 1441 1221 1528; x_wconf 85' lang='lat' dir='ltr'><strong>Pollux,</strong></span> 
     </span>
     <span class='ocr_line' id='line_1_13' title="bbox 320 1527 1192 1620; baseline 0.006 -27"><span class='ocrx_word' id='word_1_71' title='bbox 320 1529 366 1593; x_wconf 89' lang='lat' dir='ltr'><strong>sic</strong></span> <span class='ocrx_word' id='word_1_72' title='bbox 389 1529 472 1593; x_wconf 87' lang='lat' dir='ltr'><strong>iacet</strong></span> <span class='ocrx_word' id='word_1_73' title='bbox 494 1529 534 1591; x_wconf 89' lang='lat' dir='ltr'><strong>ad</strong></span> <span class='ocrx_word' id='word_1_74' title='bbox 557 1527 692 1614; x_wconf 82' lang='lat' dir='ltr'><strong>Gangen</strong></span> <span class='ocrx_word' id='word_1_75' title='bbox 714 1528 803 1594; x_wconf 89' lang='lat' dir='ltr'><strong>lndis</strong></span> <span class='ocrx_word' id='word_1_76' title='bbox 828 1529 1034 1596; x_wconf 88' lang='lat' dir='ltr'><strong>ululantibus</strong></span> <span class='ocrx_word' id='word_1_77' title='bbox 1055 1529 1192 1620; x_wconf 74' lang='lat' dir='ltr'><strong>Euhan,</strong></span> 
     </span>
     <span class='ocr_line' id='line_1_14' title="bbox 319 1616 1293 1703; baseline 0 -21"><span class='ocrx_word' id='word_1_78' title='bbox 319 1618 366 1682; x_wconf 91' lang='lat' dir='ltr'><strong>sic</strong></span> <span class='ocrx_word' id='word_1_79' title='bbox 391 1617 498 1703; x_wconf 86' lang='lat' dir='ltr'><strong>gravis</strong></span> <span class='ocrx_word' id='word_1_80' title='bbox 521 1616 651 1682; x_wconf 86' lang='lat' dir='ltr'><strong>Alcides</strong></span> <span class='ocrx_word' id='word_1_81' title='bbox 673 1621 748 1702; x_wconf 88' lang='lat' dir='ltr'><strong>post</strong></span> <span class='ocrx_word' id='word_1_82' title='bbox 770 1618 901 1683; x_wconf 88' lang='lat' dir='ltr'><strong>horrida</strong></span> <span class='ocrx_word' id='word_1_83' title='bbox 922 1619 1010 1684; x_wconf 89' lang='lat' dir='ltr'><strong>iussa</strong></span> <span class='ocrx_word' id='word_1_84' title='bbox 1032 1641 1187 1688; x_wconf 83' lang='lat' dir='ltr'><strong>reversus</strong></span> <span class='ocrx_word' id='word_1_85' title='bbox 1277 1631 1293 1682; x_wconf 72' lang='lat' dir='ltr'><strong>t</strong></span> 
     </span>
     <span class='ocr_line' id='line_1_15' title="bbox 320 1705 1019 1792; baseline 0.006 -25"><span class='ocrx_word' id='word_1_86' title='bbox 320 1705 486 1792; x_wconf 86' lang='lat' dir='ltr'><strong>gaudebat</strong></span> <span class='ocrx_word' id='word_1_87' title='bbox 509 1710 610 1770; x_wconf 88' lang='lat' dir='ltr'><strong>strato</strong></span> <span class='ocrx_word' id='word_1_88' title='bbox 633 1705 719 1772; x_wconf 88' lang='lat' dir='ltr'><strong>latus</strong></span> <span class='ocrx_word' id='word_1_89' title='bbox 742 1707 902 1772; x_wconf 85' lang='lat' dir='ltr'><strong>adclinare</strong></span> <span class='ocrx_word' id='word_1_90' title='bbox 924 1707 1019 1773; x_wconf 89' lang='lat' dir='ltr'><strong>leoni.</strong></span> 
     </span>
     <span class='ocr_line' id='line_1_16' title="bbox 322 1793 1281 1883; baseline 0.003 -27"><span class='ocrx_word' id='word_1_91' title='bbox 322 1816 422 1878; x_wconf 87' lang='lat' dir='ltr'><strong>parva</strong></span> <span class='ocrx_word' id='word_1_92' title='bbox 440 1793 556 1878; x_wconf 91' lang='lat' dir='ltr'><strong>loquor</strong></span> <span class='ocrx_word' id='word_1_93' title='bbox 573 1795 709 1859; x_wconf 87' lang='lat' dir='ltr'><strong>necdum</strong></span> <span class='ocrx_word' id='word_1_94' title='bbox 728 1818 830 1880; x_wconf 91' lang='lat' dir='ltr'><strong>aequo</strong></span> <span class='ocrx_word' id='word_1_95' title='bbox 853 1800 941 1879; x_wconf 89' lang='lat' dir='ltr'><strong>tuos,</strong></span> <span class='ocrx_word' id='word_1_96' title='bbox 959 1795 1169 1883; x_wconf 83' lang='lat' dir='ltr'><strong>Germanice,</strong></span> <span class='ocrx_word' id='word_1_97' title='bbox 1186 1797 1281 1864; x_wconf 85' lang='lat' dir='ltr'><strong>vultu:</strong></span> 
     </span>
     <span class='ocr_line' id='line_1_17' title="bbox 318 1881 1109 1969; baseline 0.005 -22"><span class='ocrx_word' id='word_1_98' title='bbox 318 1882 408 1965; x_wconf 86' lang='lat' dir='ltr'><strong>talis,</strong></span> <span class='ocrx_word' id='word_1_99' title='bbox 432 1884 489 1947; x_wconf 92' lang='lat' dir='ltr'><strong>ubi</strong></span> <span class='ocrx_word' id='word_1_100' title='bbox 513 1881 632 1947; x_wconf 87' lang='lat' dir='ltr'><strong>Oceani</strong></span> <span class='ocrx_word' id='word_1_101' title='bbox 655 1886 755 1949; x_wconf 90' lang='lat' dir='ltr'><strong>finem</strong></span> <span class='ocrx_word' id='word_1_102' title='bbox 777 1906 969 1969; x_wconf 86' lang='lat' dir='ltr'><strong>mensasque</strong></span> <span class='ocrx_word' id='word_1_103' title='bbox 991 1884 1109 1952; x_wconf 81' lang='lat' dir='ltr'><strong>revisit</strong></span> 
     </span>
     <span class='ocr_line' id='line_1_18' title="bbox 318 1970 1079 2056; baseline 0.007 -21"><span class='ocrx_word' id='word_1_104' title='bbox 318 1970 517 2056; x_wconf 89' lang='lat' dir='ltr'><strong>Aethiopum</strong></span> <span class='ocrx_word' id='word_1_105' title='bbox 541 1994 631 2036; x_wconf 89' lang='lat' dir='ltr'><strong>sacro</strong></span> <span class='ocrx_word' id='word_1_106' title='bbox 656 1972 792 2038; x_wconf 85' lang='lat' dir='ltr'><strong>diffusus</strong></span> <span class='ocrx_word' id='word_1_107' title='bbox 814 1977 943 2039; x_wconf 90' lang='lat' dir='ltr'><strong>nectare</strong></span> <span class='ocrx_word' id='word_1_108' title='bbox 965 1973 1079 2040; x_wconf 88' lang='lat' dir='ltr'><strong>vultus</strong></span> 
     </span>
     <span class='ocr_line' id='line_1_19' title="bbox 319 2060 1296 2145; baseline 0.009 -22"><span class='ocrx_word' id='word_1_109' title='bbox 319 2060 385 2124; x_wconf 88' lang='lat' dir='ltr'><strong>dux</strong></span> <span class='ocrx_word' id='word_1_110' title='bbox 408 2082 560 2145; x_wconf 90' lang='lat' dir='ltr'><strong>superum</strong></span> <span class='ocrx_word' id='word_1_111' title='bbox 584 2066 706 2126; x_wconf 90' lang='lat' dir='ltr'><strong>secreta</strong></span> <span class='ocrx_word' id='word_1_112' title='bbox 729 2061 820 2126; x_wconf 90' lang='lat' dir='ltr'><strong>iubet</strong></span> <span class='ocrx_word' id='word_1_113' title='bbox 844 2062 917 2128; x_wconf 90' lang='lat' dir='ltr'><strong>dare</strong></span> <span class='ocrx_word' id='word_1_114' title='bbox 940 2062 1087 2128; x_wconf 83' lang='lat' dir='ltr'><strong>carmina</strong></span> <span class='ocrx_word' id='word_1_115' title='bbox 1108 2063 1222 2132; x_wconf 84' lang='lat' dir='ltr'><strong>Musas</strong></span> <span class='ocrx_word' id='word_1_116' title='bbox 1280 2075 1296 2124; x_wconf 76' lang='lat' dir='ltr'><strong>l</strong></span> 
     </span>
     <span class='ocr_line' id='line_1_20' title="bbox 318 2148 1125 2237; baseline 0.005 -23"><span class='ocrx_word' id='word_1_117' title='bbox 318 2153 351 2214; x_wconf 92' lang='lat' dir='ltr'><strong>et</strong></span> <span class='ocrx_word' id='word_1_118' title='bbox 373 2149 561 2214; x_wconf 85' lang='lat' dir='ltr'><strong>Pallenaeos</strong></span> <span class='ocrx_word' id='word_1_119' title='bbox 584 2148 752 2214; x_wconf 89' lang='lat' dir='ltr'><strong>Phoebum</strong></span> <span class='ocrx_word' id='word_1_120' title='bbox 775 2152 904 2216; x_wconf 88' lang='lat' dir='ltr'><strong>laudare</strong></span> <span class='ocrx_word' id='word_1_121' title='bbox 927 2150 1125 2237; x_wconf 89' lang='lat' dir='ltr'><strong>triumphos.</strong></span> 
     </span>
    </p>

    <p class='ocr_par' dir='ltr' id='par_1_3' title="bbox 318 2238 1304 3208">
     <span class='ocr_line' id='line_1_21' title="bbox 386 2238 1286 2324; baseline 0.008 -23"><span class='ocrx_word' id='word_1_122' title='bbox 386 2238 418 2301; x_wconf 94' lang='lat' dir='ltr'><strong>di</strong></span> <span class='ocrx_word' id='word_1_123' title='bbox 436 2238 498 2302; x_wconf 93' lang='lat' dir='ltr'><strong>tibi</strong></span> <span class='ocrx_word' id='word_1_124' title='bbox 519 2277 560 2285; x_wconf 95' lang='lat'>—</span> <span class='ocrx_word' id='word_1_125' title='bbox 579 2261 717 2323; x_wconf 89' lang='lat' dir='ltr'><strong>namque</strong></span> <span class='ocrx_word' id='word_1_126' title='bbox 736 2239 859 2306; x_wconf 89' lang='lat' dir='ltr'><strong>animas</strong></span> <span class='ocrx_word' id='word_1_127' title='bbox 878 2262 973 2324; x_wconf 91' lang='lat' dir='ltr'><strong>saepe</strong></span> <span class='ocrx_word' id='word_1_128' title='bbox 992 2241 1152 2308; x_wconf 85' lang='lat' dir='ltr'><strong>exaudire</strong></span> <span class='ocrx_word' id='word_1_129' title='bbox 1171 2245 1286 2310; x_wconf 77' lang='lat' dir='ltr'><strong>mhorc</strong></span> 
     </span>
     <span class='ocr_line' id='line_1_22' title="bbox 320 2327 1182 2413; baseline 0.007 -22"><span class='ocrx_word' id='word_1_130' title='bbox 320 2327 470 2391; x_wconf 90' lang='lat' dir='ltr'><strong>dicuntur</strong></span> <span class='ocrx_word' id='word_1_131' title='bbox 492 2366 534 2373; x_wconf 97' lang='lat'>—</span> <span class='ocrx_word' id='word_1_132' title='bbox 557 2327 682 2411; x_wconf 90' lang='lat' dir='ltr'><strong>patriae</strong></span> <span class='ocrx_word' id='word_1_133' title='bbox 706 2327 757 2392; x_wconf 93' lang='lat' dir='ltr'><strong>bis</strong></span> <span class='ocrx_word' id='word_1_134' title='bbox 780 2331 893 2413; x_wconf 88' lang='lat' dir='ltr'><strong>terque</strong></span> <span class='ocrx_word' id='word_1_135' title='bbox 915 2328 1002 2394; x_wconf 84' lang='lat' dir='ltr'><strong>exire</strong></span> <span class='ocrx_word' id='word_1_136' title='bbox 1024 2335 1182 2398; x_wconf 86' lang='lat' dir='ltr'><strong>senectae</strong></span> 
     </span>
     <span class='ocr_line' id='line_1_23' title="bbox 318 2416 1151 2508; baseline 0.006 -29"><span class='ocrx_word' id='word_1_137' title='bbox 318 2416 490 2480; x_wconf 90' lang='lat' dir='ltr'><strong>annuerint</strong></span> <span class='ocrx_word' id='word_1_138' title='bbox 512 2417 604 2480; x_wconf 89' lang='lat' dir='ltr'><strong>fines!</strong></span> <span class='ocrx_word' id='word_1_139' title='bbox 641 2421 711 2481; x_wconf 92' lang='lat' dir='ltr'><strong>rata</strong></span> <span class='ocrx_word' id='word_1_140' title='bbox 733 2417 868 2481; x_wconf 90' lang='lat' dir='ltr'><strong>numina</strong></span> <span class='ocrx_word' id='word_1_141' title='bbox 889 2417 1015 2483; x_wconf 88' lang='lat' dir='ltr'><strong>miseris</strong></span> <span class='ocrx_word' id='word_1_142' title='bbox 1037 2420 1151 2508; x_wconf 83' lang='lat' dir='ltr'><strong>astris,</strong></span> 
     </span>
     <span class='ocr_line' id='line_1_24' title="bbox 319 2505 1300 2596; baseline 0.008 -28"><span class='ocrx_word' id='word_1_143' title='bbox 319 2505 502 2589; x_wconf 85' lang='lat' dir='ltr'><strong>templaque</strong></span> <span class='ocrx_word' id='word_1_144' title='bbox 517 2505 571 2570; x_wconf 90' lang='lat' dir='ltr'><strong>des</strong></span> <span class='ocrx_word' id='word_1_145' title='bbox 585 2505 776 2589; x_wconf 90' lang='lat' dir='ltr'><strong>habitesque</strong></span> <span class='ocrx_word' id='word_1_146' title='bbox 791 2506 915 2572; x_wconf 86' lang='lat' dir='ltr'><strong>domos!</strong></span> <span class='ocrx_word' id='word_1_147' title='bbox 930 2529 1026 2591; x_wconf 89' lang='lat' dir='ltr'><strong>saepe</strong></span> <span class='ocrx_word' id='word_1_148' title='bbox 1040 2529 1157 2576; x_wconf 88' lang='lat' dir='ltr'><strong>annua</strong></span> <span class='ocrx_word' id='word_1_149' title='bbox 1169 2509 1300 2596; x_wconf 72' lang='lat' dir='ltr'><strong>pandas</strong></span> 
     </span>
     <span class='ocr_line' id='line_1_25' title="bbox 319 2592 1104 2684; baseline 0.008 -28"><span class='ocrx_word' id='word_1_150' title='bbox 319 2592 444 2677; x_wconf 85' lang='lat' dir='ltr'><strong>limina,</strong></span> <span class='ocrx_word' id='word_1_151' title='bbox 468 2615 563 2676; x_wconf 86' lang='lat' dir='ltr'><strong>saepe</strong></span> <span class='ocrx_word' id='word_1_152' title='bbox 586 2617 670 2660; x_wconf 86' lang='lat' dir='ltr'><strong>novo</strong></span> <span class='ocrx_word' id='word_1_153' title='bbox 692 2593 805 2659; x_wconf 88' lang='lat' dir='ltr'><strong>Ianum</strong></span> <span class='ocrx_word' id='word_1_154' title='bbox 827 2595 942 2660; x_wconf 88' lang='lat' dir='ltr'><strong>lictore</strong></span> <span class='ocrx_word' id='word_1_155' title='bbox 964 2595 1104 2684; x_wconf 85' lang='lat' dir='ltr'><strong>salutes,</strong></span> 
     </span>
     <span class='ocr_line' id='line_1_26' title="bbox 322 2682 1116 2768; baseline 0.01 -24"><span class='ocrx_word' id='word_1_156' title='bbox 322 2703 418 2765; x_wconf 89' lang='lat' dir='ltr'><strong>saepe</strong></span> <span class='ocrx_word' id='word_1_157' title='bbox 442 2682 603 2746; x_wconf 88' lang='lat' dir='ltr'><strong>coronatis</strong></span> <span class='ocrx_word' id='word_1_158' title='bbox 626 2683 723 2747; x_wconf 91' lang='lat' dir='ltr'><strong>iteres</strong></span> <span class='ocrx_word' id='word_1_159' title='bbox 747 2684 965 2768; x_wconf 89' lang='lat' dir='ltr'><strong>quinquennia</strong></span> <span class='ocrx_word' id='word_1_160' title='bbox 987 2683 1116 2752; x_wconf 89' lang='lat' dir='ltr'><strong>lustrisl</strong></span> 
     </span>
     <span class='ocr_line' id='line_1_27' title="bbox 322 2769 1115 2857; baseline 0.011 -26"><span class='ocrx_word' id='word_1_161' title='bbox 322 2791 386 2853; x_wconf 91' lang='lat' dir='ltr'><strong>qua</strong></span> <span class='ocrx_word' id='word_1_162' title='bbox 408 2769 488 2833; x_wconf 92' lang='lat' dir='ltr'><strong>mihi</strong></span> <span class='ocrx_word' id='word_1_163' title='bbox 511 2770 620 2835; x_wconf 82' lang='lat' dir='ltr'><strong>felices</strong></span> <span class='ocrx_word' id='word_1_164' title='bbox 643 2772 755 2855; x_wconf 91' lang='lat' dir='ltr'><strong>epulas</strong></span> <span class='ocrx_word' id='word_1_165' title='bbox 778 2794 969 2857; x_wconf 88' lang='lat' dir='ltr'><strong>mensaeque</strong></span> <span class='ocrx_word' id='word_1_166' title='bbox 991 2773 1115 2840; x_wconf 86' lang='lat' dir='ltr'><strong>dedisti</strong></span> 
     </span>
     <span class='ocr_line' id='line_1_28' title="bbox 322 2859 1130 2947; baseline 0.01 -26"><span class='ocrx_word' id='word_1_167' title='bbox 322 2879 411 2922; x_wconf 89' lang='lat' dir='ltr'><strong>sacra</strong></span> <span class='ocrx_word' id='word_1_168' title='bbox 435 2862 523 2944; x_wconf 90' lang='lat' dir='ltr'><strong>tuae,</strong></span> <span class='ocrx_word' id='word_1_169' title='bbox 545 2859 622 2923; x_wconf 89' lang='lat' dir='ltr'><strong>talis</strong></span> <span class='ocrx_word' id='word_1_170' title='bbox 644 2859 743 2947; x_wconf 86' lang='lat' dir='ltr'><strong>longo</strong></span> <span class='ocrx_word' id='word_1_171' title='bbox 766 2866 842 2944; x_wconf 89' lang='lat' dir='ltr'><strong>post</strong></span> <span class='ocrx_word' id='word_1_172' title='bbox 865 2865 1012 2946; x_wconf 86' lang='lat' dir='ltr'><strong>tempore</strong></span> <span class='ocrx_word' id='word_1_173' title='bbox 1034 2864 1130 2930; x_wconf 85' lang='lat' dir='ltr'><strong>venit</strong></span> 
     </span>
     <span class='ocr_line' id='line_1_29' title="bbox 321 2946 1304 3042; baseline 0.015 -33"><span class='ocrx_word' id='word_1_174' title='bbox 321 2946 377 3009; x_wconf 85' lang='lat' dir='ltr'><strong>lux</strong></span> <span class='ocrx_word' id='word_1_175' title='bbox 402 2946 495 3032; x_wconf 91' lang='lat' dir='ltr'><strong>mihi,</strong></span> <span class='ocrx_word' id='word_1_176' title='bbox 518 2947 673 3014; x_wconf 81' lang='lat' dir='ltr'><strong>Troianae</strong></span> <span class='ocrx_word' id='word_1_177' title='bbox 697 2950 800 3033; x_wconf 86' lang='lat' dir='ltr'><strong>qualis</strong></span> <span class='ocrx_word' id='word_1_178' title='bbox 824 2950 885 3015; x_wconf 91' lang='lat' dir='ltr'><strong>sub</strong></span> <span class='ocrx_word' id='word_1_179' title='bbox 909 2949 1048 3016; x_wconf 89' lang='lat' dir='ltr'><strong>collibus</strong></span> <span class='ocrx_word' id='word_1_180' title='bbox 1070 2951 1200 3042; x_wconf 83' lang='lat' dir='ltr'><strong>Albae,</strong></span> <span class='ocrx_word' id='word_1_181' title='bbox 1286 2963 1304 3014; x_wconf 62' lang='grc' dir='ltr'><strong>ὅ</strong></span> 
     </span>
     <span class='ocr_line' id='line_1_30' title="bbox 320 3036 1245 3114; baseline 0.018 -16"><span class='ocrx_word' id='word_1_182' title='bbox 320 3056 394 3099; x_wconf 88' lang='lat' dir='ltr'><strong>oum</strong></span> <span class='ocrx_word' id='word_1_183' title='bbox 418 3036 512 3101; x_wconf 91' lang='lat' dir='ltr'><strong>modo</strong></span> <span class='ocrx_word' id='word_1_184' title='bbox 536 3036 709 3103; x_wconf 87' lang='lat' dir='ltr'><strong>Germanas</strong></span> <span class='ocrx_word' id='word_1_185' title='bbox 732 3039 815 3103; x_wconf 87' lang='lat' dir='ltr'><strong>acies</strong></span> <span class='ocrx_word' id='word_1_186' title='bbox 838 3040 933 3105; x_wconf 92' lang='lat' dir='ltr'><strong>modo</strong></span> <span class='ocrx_word' id='word_1_187' title='bbox 955 3039 1044 3104; x_wconf 84' lang='lat' dir='ltr'><strong>Daca</strong></span> <span class='ocrx_word' id='word_1_188' title='bbox 1068 3051 1245 3114; x_wconf 83' lang='lat' dir='ltr'><strong>sonantem</strong></span> 
     </span>
     <span class='ocr_line' id='line_1_31' title="bbox 321 3123 1144 3208; baseline 0.017 -22"><span class='ocrx_word' id='word_1_189' title='bbox 321 3123 444 3208; x_wconf 88' lang='lat' dir='ltr'><strong>proelia</strong></span> <span class='ocrx_word' id='word_1_190' title='bbox 466 3124 609 3192; x_wconf 91' lang='lat' dir='ltr'><strong>Palladio</strong></span> <span class='ocrx_word' id='word_1_191' title='bbox 633 3131 689 3194; x_wconf 87' lang='lat' dir='ltr'><strong>tua</strong></span> <span class='ocrx_word' id='word_1_192' title='bbox 710 3149 762 3192; x_wconf 91' lang='lat' dir='ltr'><strong>me</strong></span> <span class='ocrx_word' id='word_1_193' title='bbox 785 3150 898 3194; x_wconf 89' lang='lat' dir='ltr'><strong>manus</strong></span> <span class='ocrx_word' id='word_1_194' title='bbox 921 3127 1026 3194; x_wconf 90' lang='lat' dir='ltr'><strong>induit</strong></span> <span class='ocrx_word' id='word_1_195' title='bbox 1048 3151 1144 3200; x_wconf 82' lang='lat' dir='ltr'><strong>auro.</strong></span> 
     </span>
    </p>
   </div>
   <div class='ocr_carea' id='block_1_3' title="bbox 321 3354 1305 3555">
    <p class='ocr_par' dir='ltr' id='par_1_4' title="bbox 321 3354 1305 3555">
     <span class='ocr_line' id='line_1_32' title="bbox 392 3354 1305 3419; baseline 0.014 -12"><span class='ocrx_word' id='word_1_196' title='bbox 392 3362 424 3407; x_wconf 86' lang='grc'><strong>41</strong></span> <span class='ocrx_word' id='word_1_197' title='bbox 444 3354 539 3409; x_wconf 87' lang='lat' dir='ltr'><strong>vultus</strong></span> <span class='ocrx_word' id='word_1_198' title='bbox 558 3359 588 3409; x_wconf 94' lang='lat' dir='ltr'><strong>et</strong></span> <span class='ocrx_word' id='word_1_199' title='bbox 605 3357 775 3412; x_wconf 78' lang='lat' dir='ltr'><strong>Petit-ianus:</strong></span> <span class='ocrx_word' id='word_1_200' title='bbox 794 3358 876 3412; x_wconf 85' lang='lat' dir='ltr'><strong>vultu</strong></span> <span class='ocrx_word' id='word_1_201' title='bbox 894 3357 944 3412; x_wconf 88' lang='lat' dir='ltr'><strong>sed</strong></span> <span class='ocrx_word' id='word_1_202' title='bbox 1006 3363 1041 3412; x_wconf 76' lang='lat'><strong>4⁸</strong></span> <span class='ocrx_word' id='word_1_203' title='bbox 1060 3357 1191 3419; x_wconf 82' lang='lat' dir='ltr'><strong>Menbra</strong></span> <span class='ocrx_word' id='word_1_204' title='bbox 1241 3367 1269 3418; x_wconf 79' lang='lat' dir='ltr'><strong>u</strong></span> <span class='ocrx_word' id='word_1_205' title='bbox 1282 3371 1305 3410; x_wconf 59' lang='grc' dir='ltr'>ὓ</span> 
     </span>
     <span class='ocr_line' id='line_1_33' title="bbox 321 3426 1271 3495; baseline 0.007 -17"><span class='ocrx_word' id='word_1_206' title='bbox 321 3441 380 3481; x_wconf 90' lang='lat' dir='ltr'><strong>cro:</strong></span> <span class='ocrx_word' id='word_1_207' title='bbox 400 3442 493 3480; x_wconf 86' lang='lat' dir='ltr'><strong>sacros</strong></span> <span class='ocrx_word' id='word_1_208' title='bbox 512 3444 528 3484; x_wconf 90' lang='grc' dir='ltr'><strong>ς</strong></span> <span class='ocrx_word' id='word_1_209' title='bbox 600 3433 633 3480; x_wconf 90' lang='grc'><strong>61</strong></span> <span class='ocrx_word' id='word_1_210' title='bbox 648 3426 747 3481; x_wconf 89' lang='lat' dir='ltr'><strong>limina</strong></span> <span class='ocrx_word' id='word_1_211' title='bbox 762 3445 790 3487; x_wconf 72' lang='lat'><strong>5:</strong></span> <span class='ocrx_word' id='word_1_212' title='bbox 808 3427 927 3482; x_wconf 84' lang='lat' dir='ltr'><strong>Lumina</strong></span> <span class='ocrx_word' id='word_1_213' title='bbox 999 3433 1034 3482; x_wconf 79' lang='grc'><strong>66</strong></span> <span class='ocrx_word' id='word_1_214' title='bbox 1051 3427 1138 3488; x_wconf 85' lang='lat' dir='ltr'><strong>Daca</strong></span> <span class='ocrx_word' id='word_1_215' title='bbox 1157 3451 1189 3495; x_wconf 73' lang='lat' dir='ltr'><strong>s:</strong></span> <span class='ocrx_word' id='word_1_216' title='bbox 1207 3435 1271 3492; x_wconf 70' lang='lat' dir='ltr'><strong>dm</strong></span> 
     </span>
     <span class='ocr_line' id='line_1_34' title="bbox 322 3495 635 3555; baseline 0.006 -6"><span class='ocrx_word' id='word_1_217' title='bbox 322 3501 355 3549; x_wconf 84' lang='grc'><strong>67</strong></span> <span class='ocrx_word' id='word_1_218' title='bbox 374 3495 468 3550; x_wconf 83' lang='lat' dir='ltr'><strong>induit</strong></span> <span class='ocrx_word' id='word_1_219' title='bbox 486 3515 515 3555; x_wconf 77' lang='grc' dir='ltr'><strong>ςτ</strong></span> <span class='ocrx_word' id='word_1_220' title='bbox 536 3496 635 3551; x_wconf 80' lang='lat' dir='ltr'><strong>induet</strong></span> 
     </span>
    </p>
   </div>
   <div class='ocr_carea' id='block_1_4' title="bbox 0 0 1664 4434">
    <p class='ocr_par' dir='ltr' id='par_1_5' title="bbox 0 0 1664 4434">
     <span class='ocr_line' id='line_1_35' title="bbox 0 0 1664 4434; baseline 0 0"><span class='ocrx_word' id='word_1_221' title='bbox 0 0 1664 4434; x_wconf 95' lang='lat' dir='ltr'><strong> </strong></span> 
     </span>
    </p>
   </div>
  </div>
 </body>
</html>
