<?xml version="1.0" encoding="UTF-8"?>
<!DOCTYPE html PUBLIC "-//W3C//DTD XHTML 1.0 Transitional//EN"
    "http://www.w3.org/TR/xhtml1/DTD/xhtml1-transitional.dtd">
<html xmlns="http://www.w3.org/1999/xhtml" xml:lang="en" lang="en">
 <head>
  <title>
</title>
<meta http-equiv="Content-Type" content="text/html;charset=utf-8" />
  <meta name='ocr-system' content='tesseract 3.04.00' />
  <meta name='ocr-capabilities' content='ocr_page ocr_carea ocr_par ocr_line ocrx_word'/>
</head>
<body>
  <div class='ocr_page' id='page_1' title='image "./opera01statgoog_0232.png"; bbox 0 0 3317 4434; ppageno 0'>
   <div class='ocr_carea' id='block_1_1' title="bbox 322 441 978 508">
    <p class='ocr_par' dir='ltr' id='par_1_1' title="bbox 322 441 978 508">
     <span class='ocr_line' id='line_1_1' title="bbox 322 441 978 508; baseline -0.021 0"><span class='ocrx_word' id='word_1_1' title='bbox 322 445 385 508; x_wconf 82' lang='lat'>136</span> <span class='ocrx_word' id='word_1_2' title='bbox 672 443 701 497; x_wconf 94' lang='lat' dir='ltr'>P.</span> <span class='ocrx_word' id='word_1_3' title='bbox 720 441 843 495; x_wconf 84' lang='lat' dir='ltr'>PAPINI</span> <span class='ocrx_word' id='word_1_4' title='bbox 861 442 978 496; x_wconf 81' lang='lat' dir='ltr'>STATII</span> 
     </span>
    </p>
   </div>
   <div class='ocr_carea' id='block_1_2' title="bbox 319 584 1154 672">
    <p class='ocr_par' dir='ltr' id='par_1_2' title="bbox 319 584 1154 672">
     <span class='ocr_line' id='line_1_2' title="bbox 319 584 1154 672; baseline -0.004 -20"><span class='ocrx_word' id='word_1_5' title='bbox 319 587 465 652; x_wconf 87' lang='lat' dir='ltr'>inrubuit</span> <span class='ocrx_word' id='word_1_6' title='bbox 488 586 688 670; x_wconf 79' lang='lat' dir='ltr'>cineremque</span> <span class='ocrx_word' id='word_1_7' title='bbox 713 584 813 650; x_wconf 90' lang='lat' dir='ltr'>oculis</span> <span class='ocrx_word' id='word_1_8' title='bbox 836 585 1022 650; x_wconf 88' lang='lat' dir='ltr'>umentibus</span> <span class='ocrx_word' id='word_1_9' title='bbox 1044 586 1154 672; x_wconf 81' lang='lat' dir='ltr'>hausi,</span> 
     </span>
    </p>
   </div>
   <div class='ocr_carea' id='block_1_3' title="bbox 318 674 1339 3059">
    <p class='ocr_par' dir='ltr' id='par_1_3' title="bbox 319 674 1221 849">
     <span class='ocr_line' id='line_1_3' title="bbox 320 674 1181 741; baseline -0.002 0"><span class='ocrx_word' id='word_1_10' title='bbox 320 676 394 741; x_wconf 82' lang='lat' dir='ltr'>vilis</span> <span class='ocrx_word' id='word_1_11' title='bbox 415 676 519 740; x_wconf 82' lang='lat' dir='ltr'><strong>honos</strong></span> <span class='ocrx_word' id='word_1_12' title='bbox 542 674 665 739; x_wconf 90' lang='lat' dir='ltr'>studiis.</span> <span class='ocrx_word' id='word_1_13' title='bbox 700 674 754 738; x_wconf 86' lang='lat' dir='ltr'>vix</span> <span class='ocrx_word' id='word_1_14' title='bbox 777 674 856 738; x_wconf 85' lang='lat' dir='ltr'>baec</span> <span class='ocrx_word' id='word_1_15' title='bbox 877 674 913 738; x_wconf 93' lang='lat' dir='ltr'>in</span> <span class='ocrx_word' id='word_1_16' title='bbox 934 696 1067 739; x_wconf 87' lang='lat' dir='ltr'>munera</span> <span class='ocrx_word' id='word_1_17' title='bbox 1089 675 1181 740; x_wconf 87' lang='lat' dir='ltr'>solvo</span> 
     </span>
     <span class='ocr_line' id='line_1_4' title="bbox 319 762 1221 849; baseline -0.001 -20"><span class='ocrx_word' id='word_1_18' title='bbox 319 764 459 849; x_wconf 93' lang='lat' dir='ltr'>primum</span> <span class='ocrx_word' id='word_1_19' title='bbox 481 763 623 828; x_wconf 85' lang='lat' dir='ltr'>animum</span> <span class='ocrx_word' id='word_1_20' title='bbox 646 762 815 846; x_wconf 88' lang='lat' dir='ltr'>tacitisque</span> <span class='ocrx_word' id='word_1_21' title='bbox 839 763 937 827; x_wconf 88' lang='lat' dir='ltr'>situm</span> <span class='ocrx_word' id='word_1_22' title='bbox 960 763 1118 846; x_wconf 85' lang='lat' dir='ltr'>depellere</span> <span class='ocrx_word' id='word_1_23' title='bbox 1138 763 1221 828; x_wconf 88' lang='lat' dir='ltr'>curis</span> 
     </span>
    </p>

    <p class='ocr_par' dir='ltr' id='par_1_4' title="bbox 319 850 1304 1024">
     <span class='ocr_line' id='line_1_5' title="bbox 319 850 1304 934; baseline -0.007 -17"><span class='ocrx_word' id='word_1_24' title='bbox 319 875 404 917; x_wconf 92' lang='lat' dir='ltr'>nunc</span> <span class='ocrx_word' id='word_1_25' title='bbox 427 851 524 916; x_wconf 83' lang='lat' dir='ltr'>etiem</span> <span class='ocrx_word' id='word_1_26' title='bbox 546 850 676 915; x_wconf 90' lang='lat' dir='ltr'>labente</span> <span class='ocrx_word' id='word_1_27' title='bbox 699 873 809 934; x_wconf 88' lang='lat' dir='ltr'>manu,</span> <span class='ocrx_word' id='word_1_28' title='bbox 831 873 917 915; x_wconf 92' lang='lat' dir='ltr'>nunc</span> <span class='ocrx_word' id='word_1_29' title='bbox 938 851 1059 916; x_wconf 90' lang='lat' dir='ltr'>lumine</span> <span class='ocrx_word' id='word_1_30' title='bbox 1083 852 1166 917; x_wconf 89' lang='lat' dir='ltr'>sicco</span> <span class='ocrx_word' id='word_1_31' title='bbox 1278 862 1304 911; x_wconf 75' lang='lat' dir='ltr'>et</span> 
     </span>
     <span class='ocr_line' id='line_1_6' title="bbox 321 940 1113 1024; baseline -0.001 -18"><span class='ocrx_word' id='word_1_32' title='bbox 321 942 428 1006; x_wconf 86' lang='lat' dir='ltr'>ordior</span> <span class='ocrx_word' id='word_1_33' title='bbox 451 940 584 1005; x_wconf 89' lang='lat' dir='ltr'>adclinis</span> <span class='ocrx_word' id='word_1_34' title='bbox 606 940 743 1023; x_wconf 84' lang='lat' dir='ltr'>tumulo,</span> <span class='ocrx_word' id='word_1_35' title='bbox 768 962 832 1023; x_wconf 90' lang='lat' dir='ltr'>quo</span> <span class='ocrx_word' id='word_1_36' title='bbox 855 940 951 1005; x_wconf 88' lang='lat' dir='ltr'>molle</span> <span class='ocrx_word' id='word_1_37' title='bbox 975 940 1113 1024; x_wconf 74' lang='lat' dir='ltr'>quiescis</span> 
     </span>
    </p>

    <p class='ocr_par' dir='ltr' id='par_1_5' title="bbox 319 1028 1127 1116">
     <span class='ocr_line' id='line_1_7' title="bbox 319 1028 1127 1116; baseline -0.001 -22"><span class='ocrx_word' id='word_1_38' title='bbox 319 1032 431 1116; x_wconf 87' lang='lat' dir='ltr'>iugera</span> <span class='ocrx_word' id='word_1_39' title='bbox 453 1033 564 1094; x_wconf 89' lang='lat' dir='ltr'>nostra</span> <span class='ocrx_word' id='word_1_40' title='bbox 587 1031 714 1112; x_wconf 81' lang='lat' dir='ltr'>tenens,</span> <span class='ocrx_word' id='word_1_41' title='bbox 736 1028 793 1092; x_wconf 91' lang='lat' dir='ltr'>ubi</span> <span class='ocrx_word' id='word_1_42' title='bbox 817 1032 893 1112; x_wconf 88' lang='lat' dir='ltr'>post</span> <span class='ocrx_word' id='word_1_43' title='bbox 914 1028 1037 1093; x_wconf 83' lang='lat' dir='ltr'>Aeneia</span> <span class='ocrx_word' id='word_1_44' title='bbox 1058 1029 1127 1093; x_wconf 83' lang='lat' dir='ltr'>fata</span> 
     </span>
    </p>

    <p class='ocr_par' dir='ltr' id='par_1_6' title="bbox 319 1116 1075 1203">
     <span class='ocr_line' id='line_1_8' title="bbox 319 1116 1075 1203; baseline -0.003 -20"><span class='ocrx_word' id='word_1_45' title='bbox 319 1118 465 1183; x_wconf 85' lang='lat' dir='ltr'>stellatus</span> <span class='ocrx_word' id='word_1_46' title='bbox 487 1116 589 1182; x_wconf 88' lang='lat' dir='ltr'>Latiis</span> <span class='ocrx_word' id='word_1_47' title='bbox 612 1117 747 1203; x_wconf 79' lang='lat' dir='ltr'>ingessit</span> <span class='ocrx_word' id='word_1_48' title='bbox 768 1116 936 1181; x_wconf 90' lang='lat' dir='ltr'>montibus</span> <span class='ocrx_word' id='word_1_49' title='bbox 957 1117 1075 1181; x_wconf 82' lang='lat' dir='ltr'><strong>Albam</strong></span> 
     </span>
    </p>

    <p class='ocr_par' dir='ltr' id='par_1_7' title="bbox 318 1204 1239 1291">
     <span class='ocr_line' id='line_1_9' title="bbox 318 1204 1239 1291; baseline 0 -20"><span class='ocrx_word' id='word_1_50' title='bbox 318 1207 488 1289; x_wconf 83' lang='lat' dir='ltr'>Ascanius,</span> <span class='ocrx_word' id='word_1_51' title='bbox 510 1205 655 1290; x_wconf 80' lang='lat' dir='ltr'>Phrygio</span> <span class='ocrx_word' id='word_1_52' title='bbox 679 1206 754 1268; x_wconf 93' lang='lat' dir='ltr'>dum</span> <span class='ocrx_word' id='word_1_53' title='bbox 777 1204 914 1290; x_wconf 81' lang='lat' dir='ltr'>pingues</span> <span class='ocrx_word' id='word_1_54' title='bbox 937 1204 1093 1291; x_wconf 87' lang='lat' dir='ltr'>sauguine</span> <span class='ocrx_word' id='word_1_55' title='bbox 1112 1228 1239 1291; x_wconf 85' lang='lat' dir='ltr'>campos</span> 
     </span>
    </p>

    <p class='ocr_par' dir='ltr' id='par_1_8' title="bbox 318 1294 1302 1470">
     <span class='ocr_line' id='line_1_10' title="bbox 320 1294 1302 1379; baseline -0.006 -20"><span class='ocrx_word' id='word_1_56' title='bbox 320 1295 388 1360; x_wconf 89' lang='lat' dir='ltr'>odit</span> <span class='ocrx_word' id='word_1_57' title='bbox 411 1300 443 1359; x_wconf 91' lang='lat' dir='ltr'>et</span> <span class='ocrx_word' id='word_1_58' title='bbox 465 1294 623 1358; x_wconf 83' lang='lat' dir='ltr'>infaustae</span> <span class='ocrx_word' id='word_1_59' title='bbox 646 1315 782 1379; x_wconf 87' lang='lat' dir='ltr'>regnum</span> <span class='ocrx_word' id='word_1_60' title='bbox 804 1294 910 1357; x_wconf 86' lang='lat' dir='ltr'>dotale</span> <span class='ocrx_word' id='word_1_61' title='bbox 932 1315 1094 1358; x_wconf 85' lang='lat' dir='ltr'>novercae.</span> <span class='ocrx_word' id='word_1_62' title='bbox 1278 1305 1302 1353; x_wconf 74' lang='lat' dir='ltr'>lu</span> 
     </span>
     <span class='ocr_line' id='line_1_11' title="bbox 318 1381 1147 1470; baseline -0.002 -22"><span class='ocrx_word' id='word_1_63' title='bbox 318 1384 371 1448; x_wconf 94' lang='lat' dir='ltr'>hic</span> <span class='ocrx_word' id='word_1_64' title='bbox 393 1405 453 1470; x_wconf 88' lang='lat' dir='ltr'>ego</span> <span class='ocrx_word' id='word_1_65' title='bbox 477 1387 509 1446; x_wconf 89' lang='lat' dir='ltr'>te</span> <span class='ocrx_word' id='word_1_66' title='bbox 532 1419 576 1428; x_wconf 90' lang='lat'>—</span> <span class='ocrx_word' id='word_1_67' title='bbox 598 1403 673 1445; x_wconf 87' lang='lat' dir='ltr'>nam</span> <span class='ocrx_word' id='word_1_68' title='bbox 696 1381 813 1445; x_wconf 87' lang='lat' dir='ltr'>Sicanii</span> <span class='ocrx_word' id='word_1_69' title='bbox 835 1404 901 1446; x_wconf 92' lang='lat' dir='ltr'>non</span> <span class='ocrx_word' id='word_1_70' title='bbox 924 1381 1035 1446; x_wconf 92' lang='lat' dir='ltr'>mitius</span> <span class='ocrx_word' id='word_1_71' title='bbox 1057 1382 1147 1447; x_wconf 91' lang='lat' dir='ltr'>halat</span> 
     </span>
    </p>

    <p class='ocr_par' dir='ltr' id='par_1_9' title="bbox 319 1469 1063 1555">
     <span class='ocr_line' id='line_1_12' title="bbox 319 1469 1063 1555; baseline -0.003 -19"><span class='ocrx_word' id='word_1_72' title='bbox 319 1495 396 1536; x_wconf 89' lang='lat' dir='ltr'>aura</span> <span class='ocrx_word' id='word_1_73' title='bbox 418 1470 511 1555; x_wconf 80' lang='lat' dir='ltr'>croci,</span> <span class='ocrx_word' id='word_1_74' title='bbox 533 1469 615 1534; x_wconf 87' lang='lat' dir='ltr'>dites</span> <span class='ocrx_word' id='word_1_75' title='bbox 637 1491 696 1533; x_wconf 89' lang='lat' dir='ltr'>nec</span> <span class='ocrx_word' id='word_1_76' title='bbox 718 1469 746 1534; x_wconf 89' lang='lat' dir='ltr'>si</span> <span class='ocrx_word' id='word_1_77' title='bbox 768 1470 831 1534; x_wconf 90' lang='lat' dir='ltr'>tibi</span> <span class='ocrx_word' id='word_1_78' title='bbox 854 1492 926 1534; x_wconf 89' lang='lat' dir='ltr'>rara</span> <span class='ocrx_word' id='word_1_79' title='bbox 948 1470 1063 1535; x_wconf 84' lang='lat' dir='ltr'>Sabaei</span> 
     </span>
    </p>

    <p class='ocr_par' dir='ltr' id='par_1_10' title="bbox 319 1557 1232 1735">
     <span class='ocr_line' id='line_1_13' title="bbox 319 1557 1232 1642; baseline 0 -18"><span class='ocrx_word' id='word_1_80' title='bbox 319 1561 476 1641; x_wconf 86' lang='lat' dir='ltr'>cinnama,</span> <span class='ocrx_word' id='word_1_81' title='bbox 500 1559 647 1623; x_wconf 89' lang='lat' dir='ltr'>odoratas</span> <span class='ocrx_word' id='word_1_82' title='bbox 669 1580 728 1622; x_wconf 91' lang='lat' dir='ltr'>nec</span> <span class='ocrx_word' id='word_1_83' title='bbox 750 1557 856 1622; x_wconf 85' lang='lat' dir='ltr'>Arabs</span> <span class='ocrx_word' id='word_1_84' title='bbox 879 1558 1037 1642; x_wconf 87' lang='lat' dir='ltr'>decerpsit</span> <span class='ocrx_word' id='word_1_85' title='bbox 1060 1559 1176 1624; x_wconf 90' lang='lat' dir='ltr'>aristas</span> <span class='ocrx_word' id='word_1_86' title='bbox 1194 1598 1232 1606; x_wconf 87' lang='lat'>-</span> 
     </span>
     <span class='ocr_line' id='line_1_14' title="bbox 320 1646 1121 1735; baseline 0 -23"><span class='ocrx_word' id='word_1_87' title='bbox 320 1648 443 1712; x_wconf 88' lang='lat' dir='ltr'>inferiis</span> <span class='ocrx_word' id='word_1_88' title='bbox 466 1669 537 1711; x_wconf 89' lang='lat' dir='ltr'>cum</span> <span class='ocrx_word' id='word_1_89' title='bbox 560 1647 654 1710; x_wconf 88' lang='lat' dir='ltr'>laude</span> <span class='ocrx_word' id='word_1_90' title='bbox 678 1646 760 1711; x_wconf 86' lang='lat' dir='ltr'>datis</span> <span class='ocrx_word' id='word_1_91' title='bbox 783 1649 816 1710; x_wconf 91' lang='lat' dir='ltr'>et</span> <span class='ocrx_word' id='word_1_92' title='bbox 840 1647 985 1735; x_wconf 86' lang='lat' dir='ltr'>carmine¹</span> <span class='ocrx_word' id='word_1_93' title='bbox 1001 1647 1121 1733; x_wconf 88' lang='lat' dir='ltr'>plango</span> 
     </span>
    </p>

    <p class='ocr_par' dir='ltr' id='par_1_11' title="bbox 319 1735 1301 1997">
     <span class='ocr_line' id='line_1_15' title="bbox 319 1735 1301 1821; baseline -0.007 -20"><span class='ocrx_word' id='word_1_94' title='bbox 319 1736 439 1820; x_wconf 78' lang='lat' dir='ltr'>Pieri03</span> <span class='ocrx_word' id='word_1_95' title='bbox 462 1757 551 1799; x_wconf 90' lang='lat' dir='ltr'>sume</span> <span class='ocrx_word' id='word_1_96' title='bbox 568 1735 652 1819; x_wconf 85' lang='lat' dir='ltr'>&lt;en&gt;</span> <span class='ocrx_word' id='word_1_97' title='bbox 674 1735 814 1821; x_wconf 81' lang='lat' dir='ltr'>gemitus</span> <span class='ocrx_word' id='word_1_98' title='bbox 838 1739 870 1799; x_wconf 91' lang='lat' dir='ltr'>et</span> <span class='ocrx_word' id='word_1_99' title='bbox 893 1736 1025 1800; x_wconf 85' lang='lat' dir='ltr'>vulnera</span> <span class='ocrx_word' id='word_1_100' title='bbox 1046 1735 1116 1800; x_wconf 88' lang='lat' dir='ltr'>nati</span> <span class='ocrx_word' id='word_1_101' title='bbox 1278 1743 1301 1794; x_wconf 78' lang='lat' dir='ltr'>lt</span> 
     </span>
     <span class='ocr_line' id='line_1_16' title="bbox 320 1823 1232 1909; baseline 0 -21"><span class='ocrx_word' id='word_1_102' title='bbox 320 1829 352 1888; x_wconf 94' lang='lat' dir='ltr'>et</span> <span class='ocrx_word' id='word_1_103' title='bbox 375 1824 534 1909; x_wconf 78' lang='lat' dir='ltr'>lacrimae,</span> <span class='ocrx_word' id='word_1_104' title='bbox 556 1823 620 1888; x_wconf 89' lang='lat' dir='ltr'>rari</span> <span class='ocrx_word' id='word_1_105' title='bbox 644 1846 723 1908; x_wconf 88' lang='lat' dir='ltr'>quas</span> <span class='ocrx_word' id='word_1_106' title='bbox 746 1846 898 1908; x_wconf 90' lang='lat' dir='ltr'>umquam</span> <span class='ocrx_word' id='word_1_107' title='bbox 916 1824 1058 1888; x_wconf 87' lang='lat' dir='ltr'>habuere</span> <span class='ocrx_word' id='word_1_108' title='bbox 1076 1829 1232 1908; x_wconf 87' lang='lat' dir='ltr'>parentes.</span> 
     </span>
     <span class='ocr_line' id='line_1_17' title="bbox 320 1912 1208 1997; baseline 0.002 -21"><span class='ocrx_word' id='word_1_109' title='bbox 320 1917 416 1997; x_wconf 89' lang='lat' dir='ltr'>atque</span> <span class='ocrx_word' id='word_1_110' title='bbox 439 1912 562 1976; x_wconf 90' lang='lat' dir='ltr'>utinam</span> <span class='ocrx_word' id='word_1_111' title='bbox 584 1913 715 1977; x_wconf 83' lang='lat' dir='ltr'>fortuna</span> <span class='ocrx_word' id='word_1_112' title='bbox 736 1912 832 1996; x_wconf 84' lang='lat' dir='ltr'>mihi,</span> <span class='ocrx_word' id='word_1_113' title='bbox 854 1913 928 1977; x_wconf 87' lang='lat' dir='ltr'>dare</span> <span class='ocrx_word' id='word_1_114' title='bbox 950 1913 1101 1977; x_wconf 88' lang='lat' dir='ltr'>manibus</span> <span class='ocrx_word' id='word_1_115' title='bbox 1124 1935 1208 1996; x_wconf 81' lang='lat' dir='ltr'>aras,</span> 
     </span>
    </p>

    <p class='ocr_par' dir='ltr' id='par_1_12' title="bbox 318 1999 1302 2350">
     <span class='ocr_line' id='line_1_18' title="bbox 320 1999 1167 2087; baseline 0.002 -23"><span class='ocrx_word' id='word_1_116' title='bbox 320 2024 379 2085; x_wconf 87' lang='lat' dir='ltr'>par</span> <span class='ocrx_word' id='word_1_117' title='bbox 400 1999 532 2084; x_wconf 89' lang='lat' dir='ltr'>templis</span> <span class='ocrx_word' id='word_1_118' title='bbox 555 2022 649 2086; x_wconf 78' lang='lat' dir='ltr'>opuS‚</span> <span class='ocrx_word' id='word_1_119' title='bbox 673 2000 855 2085; x_wconf 88' lang='lat' dir='ltr'>aeriamque</span> <span class='ocrx_word' id='word_1_120' title='bbox 879 2001 1012 2065; x_wconf 83' lang='lat' dir='ltr'>educere</span> <span class='ocrx_word' id='word_1_121' title='bbox 1035 2001 1167 2087; x_wconf 85' lang='lat' dir='ltr'>molem,</span> 
     </span>
     <span class='ocr_line' id='line_1_19' title="bbox 321 2089 1150 2174; baseline 0 -20"><span class='ocrx_word' id='word_1_122' title='bbox 321 2089 496 2174; x_wconf 85' lang='lat' dir='ltr'>Cyclopum</span> <span class='ocrx_word' id='word_1_123' title='bbox 518 2090 668 2172; x_wconf 88' lang='lat' dir='ltr'>scopulos</span> <span class='ocrx_word' id='word_1_124' title='bbox 690 2089 776 2153; x_wconf 90' lang='lat' dir='ltr'>ultra</span> <span class='ocrx_word' id='word_1_125' title='bbox 799 2093 896 2173; x_wconf 90' lang='lat' dir='ltr'>atque</span> <span class='ocrx_word' id='word_1_126' title='bbox 919 2089 1049 2154; x_wconf 90' lang='lat' dir='ltr'>audacia</span> <span class='ocrx_word' id='word_1_127' title='bbox 1071 2111 1150 2154; x_wconf 86' lang='lat' dir='ltr'>saxa</span> 
     </span>
     <span class='ocr_line' id='line_1_20' title="bbox 318 2178 1302 2263; baseline 0 -21"><span class='ocrx_word' id='word_1_128' title='bbox 318 2178 534 2263; x_wconf 81' lang='lat' dir='ltr'>Pyramidum,</span> <span class='ocrx_word' id='word_1_129' title='bbox 553 2180 586 2240; x_wconf 87' lang='lat' dir='ltr'>at</span> <span class='ocrx_word' id='word_1_130' title='bbox 603 2199 720 2263; x_wconf 90' lang='lat' dir='ltr'>magno</span> <span class='ocrx_word' id='word_1_131' title='bbox 740 2178 901 2242; x_wconf 92' lang='lat' dir='ltr'>tumulum</span> <span class='ocrx_word' id='word_1_132' title='bbox 918 2182 1104 2263; x_wconf 85' lang='lat' dir='ltr'>praetexere</span> <span class='ocrx_word' id='word_1_133' title='bbox 1122 2178 1207 2244; x_wconf 90' lang='lat' dir='ltr'>luco!</span> <span class='ocrx_word' id='word_1_134' title='bbox 1280 2185 1302 2232; x_wconf 72' lang='lat'>5⁰</span> 
     </span>
     <span class='ocr_line' id='line_1_21' title="bbox 320 2265 1056 2350; baseline 0 -20"><span class='ocrx_word' id='word_1_135' title='bbox 320 2267 386 2331; x_wconf 89' lang='lat' dir='ltr'>illic</span> <span class='ocrx_word' id='word_1_136' title='bbox 409 2271 442 2331; x_wconf 91' lang='lat' dir='ltr'>et</span> <span class='ocrx_word' id='word_1_137' title='bbox 464 2265 564 2330; x_wconf 84' lang='lat' dir='ltr'>Siculi</span> <span class='ocrx_word' id='word_1_138' title='bbox 587 2288 788 2349; x_wconf 89' lang='lat' dir='ltr'>superassem</span> <span class='ocrx_word' id='word_1_139' title='bbox 811 2267 895 2331; x_wconf 93' lang='lat' dir='ltr'>dona</span> <span class='ocrx_word' id='word_1_140' title='bbox 917 2266 1056 2350; x_wconf 88' lang='lat' dir='ltr'>sepulcri</span> 
     </span>
    </p>

    <p class='ocr_par' dir='ltr' id='par_1_13' title="bbox 320 2354 1167 2438">
     <span class='ocr_line' id='line_1_22' title="bbox 320 2354 1167 2438; baseline 0 -19"><span class='ocrx_word' id='word_1_141' title='bbox 320 2359 353 2419; x_wconf 89' lang='lat' dir='ltr'>et</span> <span class='ocrx_word' id='word_1_142' title='bbox 374 2355 512 2421; x_wconf 88' lang='lat' dir='ltr'>Nemees</span> <span class='ocrx_word' id='word_1_143' title='bbox 535 2354 643 2418; x_wconf 87' lang='lat' dir='ltr'>lucum</span> <span class='ocrx_word' id='word_1_144' title='bbox 666 2359 698 2418; x_wconf 88' lang='lat' dir='ltr'>et</span> <span class='ocrx_word' id='word_1_145' title='bbox 721 2354 852 2438; x_wconf 89' lang='lat' dir='ltr'>Pelopis</span> <span class='ocrx_word' id='word_1_146' title='bbox 876 2354 1031 2419; x_wconf 88' lang='lat' dir='ltr'>solemnia</span> <span class='ocrx_word' id='word_1_147' title='bbox 1052 2355 1167 2420; x_wconf 89' lang='lat' dir='ltr'>trunci.</span> 
     </span>
    </p>

    <p class='ocr_par' dir='ltr' id='par_1_14' title="bbox 321 2443 996 2509">
     <span class='ocr_line' id='line_1_23' title="bbox 321 2443 996 2509; baseline 0.001 -2"><span class='ocrx_word' id='word_1_148' title='bbox 321 2444 387 2508; x_wconf 89' lang='lat' dir='ltr'>illic</span> <span class='ocrx_word' id='word_1_149' title='bbox 410 2443 544 2509; x_wconf 86' lang='lat' dir='ltr'>Oebalio</span> <span class='ocrx_word' id='word_1_150' title='bbox 566 2465 632 2508; x_wconf 91' lang='lat' dir='ltr'>non</span> <span class='ocrx_word' id='word_1_151' title='bbox 654 2443 789 2507; x_wconf 88' lang='lat' dir='ltr'>finderet</span> <span class='ocrx_word' id='word_1_152' title='bbox 813 2464 886 2506; x_wconf 85' lang='lat' dir='ltr'>aera</span> <span class='ocrx_word' id='word_1_153' title='bbox 909 2443 996 2508; x_wconf 88' lang='lat' dir='ltr'>disco</span> 
     </span>
    </p>

    <p class='ocr_par' dir='ltr' id='par_1_15' title="bbox 320 2530 1135 2617">
     <span class='ocr_line' id='line_1_24' title="bbox 320 2530 1135 2617; baseline -0.001 -21"><span class='ocrx_word' id='word_1_154' title='bbox 320 2531 488 2597; x_wconf 81' lang='lat' dir='ltr'>Graiorum</span> <span class='ocrx_word' id='word_1_155' title='bbox 509 2531 558 2595; x_wconf 85' lang='lat' dir='ltr'>vis</span> <span class='ocrx_word' id='word_1_156' title='bbox 580 2531 666 2595; x_wconf 92' lang='lat' dir='ltr'>nuda</span> <span class='ocrx_word' id='word_1_157' title='bbox 688 2532 805 2617; x_wconf 83' lang='lat' dir='ltr'>virum,</span> <span class='ocrx_word' id='word_1_158' title='bbox 827 2553 894 2596; x_wconf 92' lang='lat' dir='ltr'>non</span> <span class='ocrx_word' id='word_1_159' title='bbox 917 2554 992 2595; x_wconf 90' lang='lat' dir='ltr'>arva</span> <span class='ocrx_word' id='word_1_160' title='bbox 1014 2530 1135 2616; x_wconf 88' lang='lat' dir='ltr'>rigaret</span> 
     </span>
    </p>

    <p class='ocr_par' dir='ltr' id='par_1_16' title="bbox 319 2619 1339 3059">
     <span class='ocr_line' id='line_1_25' title="bbox 320 2619 1304 2705; baseline 0 -21"><span class='ocrx_word' id='word_1_161' title='bbox 320 2621 417 2685; x_wconf 89' lang='lat' dir='ltr'>sudor</span> <span class='ocrx_word' id='word_1_162' title='bbox 435 2642 551 2704; x_wconf 91' lang='lat' dir='ltr'>equum</span> <span class='ocrx_word' id='word_1_163' title='bbox 571 2624 626 2683; x_wconf 89' lang='lat' dir='ltr'>aut</span> <span class='ocrx_word' id='word_1_164' title='bbox 644 2620 733 2702; x_wconf 91' lang='lat' dir='ltr'>putri</span> <span class='ocrx_word' id='word_1_165' title='bbox 752 2619 894 2684; x_wconf 89' lang='lat' dir='ltr'>sonitum</span> <span class='ocrx_word' id='word_1_166' title='bbox 913 2620 1004 2684; x_wconf 88' lang='lat' dir='ltr'>daret</span> <span class='ocrx_word' id='word_1_167' title='bbox 1021 2620 1143 2705; x_wconf 78' lang='lat' dir='ltr'>ungida</span> <span class='ocrx_word' id='word_1_168' title='bbox 1161 2620 1256 2704; x_wconf 76' lang='lat' dir='ltr'>fossa3</span> <span class='ocrx_word' id='word_1_169' title='bbox 1282 2625 1304 2678; x_wconf 72' lang='lat' dir='ltr'>ii</span> 
     </span>
     <span class='ocr_line' id='line_1_26' title="bbox 321 2707 1338 2793; baseline 0.002 -21"><span class='ocrx_word' id='word_1_170' title='bbox 321 2709 377 2772; x_wconf 87' lang='lat' dir='ltr'>sed</span> <span class='ocrx_word' id='word_1_171' title='bbox 398 2707 524 2773; x_wconf 88' lang='lat' dir='ltr'>Phoebi</span> <span class='ocrx_word' id='word_1_172' title='bbox 548 2707 684 2791; x_wconf 83' lang='lat' dir='ltr'>simplex</span> <span class='ocrx_word' id='word_1_173' title='bbox 707 2708 836 2793; x_wconf 82' lang='lat' dir='ltr'>chorus,</span> <span class='ocrx_word' id='word_1_174' title='bbox 860 2712 893 2772; x_wconf 90' lang='lat' dir='ltr'>et</span> <span class='ocrx_word' id='word_1_175' title='bbox 915 2708 1098 2773; x_wconf 73' lang='lat' dir='ltr'>frondentia</span> <span class='ocrx_word' id='word_1_176' title='bbox 1119 2713 1229 2774; x_wconf 80' lang='lat' dir='ltr'>vatum</span> <span class='ocrx_word' id='word_1_177' title='bbox 1334 2714 1338 2723; x_wconf 92' lang='lat'>&#39;</span> 
     </span>
     <span class='ocr_line' id='line_1_27' title="bbox 319 2750 1339 2883; baseline 0 -22"><span class='ocrx_word' id='word_1_178' title='bbox 319 2796 460 2880; x_wconf 87' lang='lat' dir='ltr'>praemia</span> <span class='ocrx_word' id='word_1_179' title='bbox 481 2796 625 2880; x_wconf 84' lang='lat' dir='ltr'>laudat0,</span> <span class='ocrx_word' id='word_1_180' title='bbox 647 2798 787 2883; x_wconf 86' lang='lat' dir='ltr'>genitor,</span> <span class='ocrx_word' id='word_1_181' title='bbox 810 2796 873 2861; x_wconf 91' lang='lat' dir='ltr'>tibi</span> <span class='ocrx_word' id='word_1_182' title='bbox 896 2797 957 2861; x_wconf 88' lang='lat' dir='ltr'>rite</span> <span class='ocrx_word' id='word_1_183' title='bbox 979 2796 1123 2882; x_wconf 83' lang='lat' dir='ltr'>ligarem.</span> <span class='ocrx_word' id='word_1_184' title='bbox 1333 2750 1339 2861; x_wconf 87' lang='lat' dir='ltr'>i</span> 
     </span>
     <span class='ocr_line' id='line_1_28' title="bbox 320 2864 1339 2970; baseline 0 -21"><span class='ocrx_word' id='word_1_185' title='bbox 320 2886 390 2969; x_wconf 88' lang='lat' dir='ltr'>ipse</span> <span class='ocrx_word' id='word_1_186' title='bbox 408 2884 539 2948; x_wconf 86' lang='lat' dir='ltr'>madens</span> <span class='ocrx_word' id='word_1_187' title='bbox 558 2885 671 2969; x_wconf 87' lang='lat' dir='ltr'>oculis,</span> <span class='ocrx_word' id='word_1_188' title='bbox 689 2886 876 2949; x_wconf 87' lang='lat' dir='ltr'>umbrarum</span> <span class='ocrx_word' id='word_1_189' title='bbox 895 2887 1082 2968; x_wconf 87' lang='lat' dir='ltr'>animaeque</span> <span class='ocrx_word' id='word_1_190' title='bbox 1101 2885 1257 2970; x_wconf 81' lang='lat' dir='ltr'>sacerdos,</span> <span class='ocrx_word' id='word_1_191' title='bbox 1332 2864 1339 2949; x_wconf 84' lang='lat' dir='ltr'>l</span> 
     </span>
     <span class='ocr_line' id='line_1_29' title="bbox 321 2970 1336 3059; baseline 0.002 -22"><span class='ocrx_word' id='word_1_192' title='bbox 321 2971 538 3056; x_wconf 87' lang='lat' dir='ltr'>praecinerem</span> <span class='ocrx_word' id='word_1_193' title='bbox 561 2974 730 3059; x_wconf 77' lang='lat' dir='ltr'>gemitum,</span> <span class='ocrx_word' id='word_1_194' title='bbox 754 2974 805 3037; x_wconf 90' lang='lat' dir='ltr'>cui</span> <span class='ocrx_word' id='word_1_195' title='bbox 828 2978 862 3038; x_wconf 88' lang='lat' dir='ltr'>te</span> <span class='ocrx_word' id='word_1_196' title='bbox 879 2996 938 3038; x_wconf 89' lang='lat' dir='ltr'>nec</span> <span class='ocrx_word' id='word_1_197' title='bbox 956 2972 1114 3037; x_wconf 79' lang='lat' dir='ltr'>Cerberus</span> <span class='ocrx_word' id='word_1_198' title='bbox 1133 2974 1222 3039; x_wconf 92' lang='lat' dir='ltr'>omni</span> <span class='ocrx_word' id='word_1_199' title='bbox 1333 2970 1336 2989; x_wconf 93' lang='lat'>&#39;</span> 
     </span>
    </p>
   </div>
   <div class='ocr_carea' id='block_1_4' title="bbox 319 3214 1307 3856">
    <p class='ocr_par' dir='ltr' id='par_1_17' title="bbox 319 3214 1307 3856">
     <span class='ocr_line' id='line_1_30' title="bbox 392 3214 1307 3287; baseline 0.001 -19"><span class='ocrx_word' id='word_1_200' title='bbox 392 3223 425 3270; x_wconf 81' lang='lat'>32</span> <span class='ocrx_word' id='word_1_201' title='bbox 444 3216 527 3270; x_wconf 90' lang='lat' dir='ltr'>hausi</span> <span class='ocrx_word' id='word_1_202' title='bbox 542 3233 570 3275; x_wconf 76' lang='grc' dir='ltr'>ςε</span> <span class='ocrx_word' id='word_1_203' title='bbox 599 3217 694 3273; x_wconf 87' lang='lat' dir='ltr'>hausit</span> <span class='ocrx_word' id='word_1_204' title='bbox 765 3220 928 3287; x_wconf 58' lang='lat' dir='ltr'>interpam-ri</span> <span class='ocrx_word' id='word_1_205' title='bbox 949 3236 1009 3273; x_wconf 81' lang='lat' dir='ltr'>curn</span> <span class='ocrx_word' id='word_1_206' title='bbox 1028 3219 1155 3274; x_wconf 79' lang='lat' dir='ltr'>Krotrrr&#39;c</span> <span class='ocrx_word' id='word_1_207' title='bbox 1226 3223 1256 3273; x_wconf 83' lang='grc'>33</span> <span class='ocrx_word' id='word_1_208' title='bbox 1271 3214 1307 3269; x_wconf 81' lang='lat' dir='ltr'>im·</span> 
     </span>
     <span class='ocr_line' id='line_1_31' title="bbox 319 3287 1295 3360; baseline 0.005 -19"><span class='ocrx_word' id='word_1_209' title='bbox 319 3303 435 3342; x_wconf 88' lang='lat' dir='ltr'>munera</span> <span class='ocrx_word' id='word_1_210' title='bbox 490 3287 580 3344; x_wconf 84' lang='lat' dir='ltr'>solvo:</span> <span class='ocrx_word' id='word_1_211' title='bbox 594 3289 664 3343; x_wconf 90' lang='lat' dir='ltr'>tollo</span> <span class='ocrx_word' id='word_1_212' title='bbox 679 3291 812 3345; x_wconf 76' lang='lat' dir='ltr'>Schrader</span> <span class='ocrx_word' id='word_1_213' title='bbox 866 3295 901 3342; x_wconf 85' lang='grc'>34</span> <span class='ocrx_word' id='word_1_214' title='bbox 914 3289 1000 3345; x_wconf 87' lang='lat' dir='ltr'>curis:</span> <span class='ocrx_word' id='word_1_215' title='bbox 1015 3289 1125 3344; x_wconf 84' lang='lat' dir='ltr'>chordis</span> <span class='ocrx_word' id='word_1_216' title='bbox 1140 3289 1270 3346; x_wconf 77' lang='lat' dir='ltr'>Schrader</span> <span class='ocrx_word' id='word_1_217' title='bbox 1291 3350 1295 3360; x_wconf 62' lang='grc'>,</span> 
     </span>
     <span class='ocr_line' id='line_1_32' title="bbox 322 3357 1306 3417; baseline 0.001 -6"><span class='ocrx_word' id='word_1_218' title='bbox 322 3365 355 3412; x_wconf 79' lang='lat'>35</span> <span class='ocrx_word' id='word_1_219' title='bbox 373 3358 487 3413; x_wconf 87' lang='lat' dir='ltr'>labente</span> <span class='ocrx_word' id='word_1_220' title='bbox 506 3375 535 3417; x_wconf 75' lang='lat' dir='ltr'>r:</span> <span class='ocrx_word' id='word_1_221' title='bbox 563 3358 685 3414; x_wconf 83' lang='lat' dir='ltr'>habente</span> <span class='ocrx_word' id='word_1_222' title='bbox 756 3377 843 3416; x_wconf 84' lang='lat' dir='ltr'>nunc:</span> <span class='ocrx_word' id='word_1_223' title='bbox 861 3376 913 3415; x_wconf 87' lang='lat' dir='ltr'>nec</span> <span class='ocrx_word' id='word_1_224' title='bbox 934 3361 1088 3416; x_wconf 83' lang='lat' dir='ltr'>Grorrcrr&#39;rrs</span> <span class='ocrx_word' id='word_1_225' title='bbox 1161 3366 1195 3414; x_wconf 84' lang='grc'>36</span> <span class='ocrx_word' id='word_1_226' title='bbox 1209 3357 1306 3414; x_wconf 76' lang='lat' dir='ltr'>adeum</span> 
     </span>
     <span class='ocr_line' id='line_1_33' title="bbox 320 3428 1254 3500; baseline 0 -17"><span class='ocrx_word' id='word_1_227' title='bbox 320 3431 350 3499; x_wconf 90' lang='lat' dir='ltr'>(d</span> <span class='ocrx_word' id='word_1_228' title='bbox 363 3447 423 3499; x_wconf 76' lang='lat' dir='ltr'>esp.</span> <span class='ocrx_word' id='word_1_229' title='bbox 438 3428 506 3500; x_wconf 69' lang='lat' dir='ltr'>ivr)</span> <span class='ocrx_word' id='word_1_230' title='bbox 569 3435 603 3482; x_wconf 90' lang='grc'>40</span> <span class='ocrx_word' id='word_1_231' title='bbox 617 3430 769 3485; x_wconf 83' lang='lat' dir='ltr'>infaustae:</span> <span class='ocrx_word' id='word_1_232' title='bbox 788 3430 908 3485; x_wconf 85' lang='lat' dir='ltr'>infestae</span> <span class='ocrx_word' id='word_1_233' title='bbox 923 3447 940 3490; x_wconf 82' lang='grc' dir='ltr'><strong><em>ς</em></strong></span> <span class='ocrx_word' id='word_1_234' title='bbox 1007 3437 1040 3485; x_wconf 77' lang='lat'>42</span> <span class='ocrx_word' id='word_1_235' title='bbox 1056 3430 1129 3485; x_wconf 86' lang='lat' dir='ltr'>dites</span> <span class='ocrx_word' id='word_1_236' title='bbox 1145 3449 1172 3488; x_wconf 85' lang='lat' dir='ltr'>c:</span> <span class='ocrx_word' id='word_1_237' title='bbox 1191 3429 1254 3487; x_wconf 86' lang='lat' dir='ltr'>ditis</span> 
     </span>
     <span class='ocr_line' id='line_1_34' title="bbox 321 3496 1306 3572; baseline -0.003 -19"><span class='ocrx_word' id='word_1_238' title='bbox 321 3508 356 3554; x_wconf 89' lang='grc'>44</span> <span class='ocrx_word' id='word_1_239' title='bbox 374 3500 481 3554; x_wconf 88' lang='lat' dir='ltr'>inferiis</span> <span class='ocrx_word' id='word_1_240' title='bbox 501 3517 564 3554; x_wconf 90' lang='lat' dir='ltr'>cum</span> <span class='ocrx_word' id='word_1_241' title='bbox 585 3500 670 3554; x_wconf 88' lang='lat' dir='ltr'>laude</span> <span class='ocrx_word' id='word_1_242' title='bbox 689 3501 763 3554; x_wconf 89' lang='lat' dir='ltr'>datis</span> <span class='ocrx_word' id='word_1_243' title='bbox 782 3507 811 3555; x_wconf 88' lang='lat' dir='ltr'>et</span> <span class='ocrx_word' id='word_1_244' title='bbox 829 3503 984 3558; x_wconf 81' lang='lat' dir='ltr'>Krotrc’rrs:</span> <span class='ocrx_word' id='word_1_245' title='bbox 1010 3500 1115 3556; x_wconf 86' lang='lat' dir='ltr'>Inferni</span> <span class='ocrx_word' id='word_1_246' title='bbox 1139 3519 1204 3557; x_wconf 92' lang='lat' dir='ltr'>cum</span> <span class='ocrx_word' id='word_1_247' title='bbox 1225 3496 1306 3572; x_wconf 59' lang='lat' dir='ltr'>laudat</span> 
     </span>
     <span class='ocr_line' id='line_1_35' title="bbox 320 3567 1306 3644; baseline 0.003 -20"><span class='ocrx_word' id='word_1_248' title='bbox 320 3571 376 3624; x_wconf 88' lang='lat' dir='ltr'>laci</span> <span class='ocrx_word' id='word_1_249' title='bbox 394 3572 456 3627; x_wconf 88' lang='lat' dir='ltr'>sed:</span> <span class='ocrx_word' id='word_1_250' title='bbox 484 3569 589 3625; x_wconf 89' lang='lat' dir='ltr'>inserui</span> <span class='ocrx_word' id='word_1_251' title='bbox 608 3588 670 3624; x_wconf 87' lang='lat' dir='ltr'>cum</span> <span class='ocrx_word' id='word_1_252' title='bbox 694 3571 778 3626; x_wconf 88' lang='lat' dir='ltr'>laude</span> <span class='ocrx_word' id='word_1_253' title='bbox 795 3572 852 3626; x_wconf 87' lang='lat' dir='ltr'>loci</span> <span class='ocrx_word' id='word_1_254' title='bbox 869 3572 949 3643; x_wconf 87' lang='lat' dir='ltr'>(locis</span> <span class='ocrx_word' id='word_1_255' title='bbox 967 3574 1147 3642; x_wconf 77' lang='lat' dir='ltr'>Bernartius,</span> <span class='ocrx_word' id='word_1_256' title='bbox 1172 3575 1221 3644; x_wconf 73' lang='lat' dir='ltr'>qai</span> <span class='ocrx_word' id='word_1_257' title='bbox 1236 3578 1260 3627; x_wconf 79' lang='lat' dir='ltr'>ct</span> <span class='ocrx_word' id='word_1_258' title='bbox 1276 3567 1306 3620; x_wconf 76' lang='lat'>11¹⁸</span> 
     </span>
     <span class='ocr_line' id='line_1_36' title="bbox 319 3632 1306 3713; baseline 0.001 -17"><span class='ocrx_word' id='word_1_259' title='bbox 319 3661 343 3696; x_wconf 82' lang='lat' dir='ltr'>c.</span> <span class='ocrx_word' id='word_1_260' title='bbox 359 3646 394 3696; x_wconf 82' lang='lat'>41</span> <span class='ocrx_word' id='word_1_261' title='bbox 408 3659 463 3711; x_wconf 87' lang='lat' dir='ltr'>pro</span> <span class='ocrx_word' id='word_1_262' title='bbox 480 3642 538 3710; x_wconf 89' lang='lat' dir='ltr'>hic)</span> <span class='ocrx_word' id='word_1_263' title='bbox 557 3641 606 3695; x_wconf 87' lang='lat' dir='ltr'>sed</span> <span class='ocrx_word' id='word_1_264' title='bbox 625 3660 639 3693; x_wconf 83' lang='grc' dir='ltr'><strong>ο</strong></span> <span class='ocrx_word' id='word_1_265' title='bbox 745 3649 779 3696; x_wconf 76' lang='grc'>45</span> <span class='ocrx_word' id='word_1_266' title='bbox 799 3660 876 3698; x_wconf 87' lang='lat' dir='ltr'>sume</span> <span class='ocrx_word' id='word_1_267' title='bbox 895 3659 930 3697; x_wconf 89' lang='lat' dir='ltr'>en</span> <span class='ocrx_word' id='word_1_268' title='bbox 948 3647 988 3713; x_wconf 87' lang='lat' dir='ltr'>(et</span> <span class='ocrx_word' id='word_1_269' title='bbox 1006 3660 1034 3703; x_wconf 71' lang='grc' dir='ltr'>ςε</span> <span class='ocrx_word' id='word_1_270' title='bbox 1057 3643 1117 3698; x_wconf 86' lang='lat' dir='ltr'>hos·</span> <span class='ocrx_word' id='word_1_271' title='bbox 1135 3632 1306 3700; x_wconf 70' lang='lat' dir='ltr'>Marazanae)</span> 
     </span>
     <span class='ocr_line' id='line_1_37' title="bbox 324 3712 1238 3784; baseline 0.003 -18"><span class='ocrx_word' id='word_1_272' title='bbox 324 3712 444 3782; x_wconf 80' lang='lat' dir='ltr'>gemitus</span> <span class='ocrx_word' id='word_1_273' title='bbox 464 3713 607 3767; x_wconf 79' lang='lat' dir='ltr'>Klotrias:</span> <span class='ocrx_word' id='word_1_274' title='bbox 636 3729 713 3766; x_wconf 88' lang='lat' dir='ltr'>sume</span> <span class='ocrx_word' id='word_1_275' title='bbox 731 3714 852 3782; x_wconf 85' lang='lat' dir='ltr'>gemitus</span> <span class='ocrx_word' id='word_1_276' title='bbox 960 3720 994 3768; x_wconf 88' lang='grc'>46</span> <span class='ocrx_word' id='word_1_277' title='bbox 1013 3731 1083 3782; x_wconf 86' lang='lat' dir='ltr'>quas</span> <span class='ocrx_word' id='word_1_278' title='bbox 1102 3731 1131 3774; x_wconf 71' lang='grc' dir='ltr'>ςε</span> <span class='ocrx_word' id='word_1_279' title='bbox 1155 3731 1238 3784; x_wconf 87' lang='lat' dir='ltr'>quam</span> 
     </span>
     <span class='ocr_line' id='line_1_38' title="bbox 321 3783 1271 3856; baseline 0.006 -21"><span class='ocrx_word' id='word_1_280' title='bbox 321 3790 354 3835; x_wconf 81' lang='lat'>54</span> <span class='ocrx_word' id='word_1_281' title='bbox 373 3783 450 3836; x_wconf 90' lang='lat' dir='ltr'>nuda</span> <span class='ocrx_word' id='word_1_282' title='bbox 464 3798 493 3840; x_wconf 80' lang='lat' dir='ltr'>s:</span> <span class='ocrx_word' id='word_1_283' title='bbox 512 3783 602 3838; x_wconf 86' lang='lat' dir='ltr'>unda:</span> <span class='ocrx_word' id='word_1_284' title='bbox 621 3786 706 3837; x_wconf 88' lang='lat' dir='ltr'>uncta</span> <span class='ocrx_word' id='word_1_285' title='bbox 721 3785 826 3840; x_wconf 82' lang='lat' dir='ltr'>Poleter</span> <span class='ocrx_word' id='word_1_286' title='bbox 916 3790 949 3837; x_wconf 79' lang='lat'>57</span> <span class='ocrx_word' id='word_1_287' title='bbox 967 3785 1100 3856; x_wconf 83' lang='lat' dir='ltr'>ligarem:</span> <span class='ocrx_word' id='word_1_288' title='bbox 1119 3784 1240 3841; x_wconf 82' lang='lat' dir='ltr'>dicarem</span> <span class='ocrx_word' id='word_1_289' title='bbox 1257 3799 1271 3841; x_wconf 80' lang='grc' dir='ltr'><strong><em>ς</em></strong></span> 
     </span>
    </p>
   </div>
   <div class='ocr_carea' id='block_1_5' title="bbox 0 0 1666 4434">
    <p class='ocr_par' dir='ltr' id='par_1_18' title="bbox 0 0 1666 4434">
     <span class='ocr_line' id='line_1_39' title="bbox 0 0 1666 4434; baseline 0 0"><span class='ocrx_word' id='word_1_290' title='bbox 0 0 1666 4434; x_wconf 95' lang='lat' dir='ltr'> </span> 
     </span>
    </p>
   </div>
  </div>
 </body>
</html>
