3317 4434
320 455 364 519 64
673 452 703 506 P.
722 451 846 506 PAPINI
865 450 982 506 susm]

318 599 464 683 -quod
486 599 550 661 iam
568 597 766 662 rarissimum
789 600 839 660 est
853 595 1051 660 —lacrimis
1069 616 1180 659 senem
1198 599 1321 679 patrem.

318 688 458 753 Earinus
485 690 663 771 praeterea,
693 684 873 750 Germanioi
904 683 1008 749 nostri
1039 683 1178 748 libertus
1206 722 1249 730 -
1271 681 1321 748 scis

321 776 474 861 quamdiu
502 775 693 840 desiderium
726 773 795 838 eius
822 777 966 838 moratus
995 772 1069 856 sim,
1100 793 1173 836 eum
1200 771 1321 857 petisset

319 869 357 930 ut
384 865 518 949 capillos
546 886 634 949 suos,
664 885 840 948 quoscum
867 865 1028 948 gemmata
1056 861 1176 946 pyxide
1205 865 1237 925 et
1264 881 1320 944 spe
1333 869 1354 920 15

320 954 393 1019 culo
424 954 463 1017 ad
498 953 735 1039 Pergamenum
769 950 958 1035 Asclepium
989 949 1156 1033 mittebat,
1187 949 1320 1015 versibus

320 1043 508 1108 dedicarem.
554 1064 678 1106 summa
705 1044 755 1106 est
786 1040 916 1126 egloga,
944 1061 1007 1123 qua
1035 1060 1160 1103 meeum
1189 1038 1319 1104 secedere

319 1131 493 1216 Neapolim
521 1129 686 1195 Claudiam
718 1152 822 1194 meam
855 1128 1016 1193 exhortor.
1063 1127 1132 1213 hie,
1164 1127 1193 1192 si
1225 1147 1320 1192 verum

320 1221 470 1304 dicimus,
493 1241 598 1284 sermo
627 1223 690 1305 est,
722 1218 870 1303 equidem
898 1239 1042 1303 securus,
1069 1221 1107 1281 ut
1134 1238 1209 1281 cum
1235 1234 1319 1280 uxore

321 1313 354 1373 et
387 1309 442 1394 qui
474 1309 666 1393 persuadere
698 1306 790 1371 malit
827 1328 924 1390 quam
960 1307 1095 1390 placere.
1140 1304 1217 1369 huic
1245 1322 1319 1389 prae·
1332 1312 1361 1389 30Ι

321 1398 416 1481 cipue
448 1397 560 1461 libello
588 1396 726 1483 favebis,
758 1417 831 1461 eum
863 1395 945 1460 scias
975 1395 1057 1459 hanc
1089 1393 1320 1459 destinationem
1359 1394 1361 1417 ²

321 1486 441 1570 quietis
467 1507 556 1549 meae
584 1485 646 1549 tibi
673 1484 812 1548 maxime
840 1483 1007 1548 intendere
1034 1505 1149 1567 meque
1178 1505 1243 1548 non
1267 1486 1320 1545 111

322 1576 356 1639 in
380 1574 518 1658 patriam
542 1596 638 1659 quam
661 1574 702 1637 ad
724 1580 757 1638 te
780 1573 936 1638 secedere.
977 1572 1056 1637 vale.

723 1806 936 1816 -----

820 1999 843 2065 Ι.

450 2137 640 2194 flascones
659 2137 913 2193 SURRENTINUS
931 2137 1050 2192 POLLII
1067 2135 1213 2194 summe.

390 2265 577 2330 Intermissa
600 2264 663 2329 tibi
686 2269 833 2349 renovat,
856 2264 1039 2351 Tirynthia,
1062 2285 1152 2328 saera

324 2355 449 2420 Pollius
473 2360 506 2419 et
529 2377 640 2419 causas
664 2354 811 2440 designat
835 2354 953 2418 desidis
976 2352 1065 2438 anni,

325 2444 412 2528 quod
435 2444 550 2509 coleris
573 2443 694 2508 maiore
717 2443 807 2507 tholo
830 2465 891 2507 neo
912 2442 1010 2507 111ο11
1033 2463 1157 2526 pauper

324 2533 410 2597 nuda
434 2537 525 2597 tenes
549 2537 737 2617 tectumque
760 2531 852 2618 vagis
875 2530 1054 2595 habitabile
1077 2530 1200 2614 nautis,

325 2622 382 2686 sed
403 2620 524 2685 nitidos
547 2625 658 2705 postes
682 2619 838 2705 Graisque
861 2619 972 2684 effulta
996 2617 1136 2684 metallis
1343 2616 1353 2668 ⁸

326 2710 479 2793 eulmina,
503 2731 561 2773 ceu
584 2709 686 2774 taedis
709 2709 827 2773 iterum
849 2709 1006 2774 lustratus
1028 2707 1158 2772 honesti

327 2797 414 2884 ignis
436 2797 478 2861 ab
502 2796 622 2862 Oetaea
645 2797 867 2862 conscenderis
890 2798 1021 2861 aethera
1042 2796 1180 2860 flamma.

326 2886 381 2950 vix
404 2886 506 2950 oculis
529 2885 700 2971 animoque
722 2886 810 2951 fides.
856 2891 935 2950 tune
957 2885 1013 2950 ille
1036 2885 1152 2950 reclusi

325 2973 448 3038 liminis
471 2978 504 3038 et
526 2998 643 3059 parvae
667 2979 775 3039 eustos
797 2975 956 3062 inglorius
979 2973 1075 3039 arae?

327 3063 412 3127 unde
430 3062 509 3128 haee
528 3063 600 3128 aula
618 3087 728 3129 recens
750 3064 923 3150 fulgorque
941 3063 1092 3148 inopinus
1111 3062 1233 3150 agresti
1336 3064 1344 3112 ¹

326 3149 481 3216 Alcidae?
518 3157 593 3217 sunt
616 3153 683 3217 fata
706 3153 813 3239 deum,
837 3157 914 3217 sunt
936 3152 1004 3217 fata
1025 3151 1184 3217 locorum!

399 3386 432 3434 22
452 3380 510 3434 iam
527 3378 702 3434 rarissimum
716 3381 871 3435 Baehrens:
891 3379 1110 3436 amarissimum:
1129 3377 1297 3434 rarissimum
1311 3385 1323 3429 ς

399 3458 433 3505 23
452 3451 572 3506 Earinus
591 3469 620 3510 ςι
645 3450 752 3505 Ierinus
844 3451 898 3504 scis
922 3452 1050 3506 Vollmer:
1074 3450 1128 3505 scit
1218 3453 1251 3512 26
1268 3458 1323 3516 quos

329 3541 392 3577 cum
405 3523 446 3575 1²
463 3525 495 3577 ia
512 3541 577 3593 mg:
597 3539 786 3590 quoscumque
840 3528 874 3576 27
894 3522 990 3577 sedere
1009 3525 1079 3592 (cap.
1093 3521 1143 3592 1¹,
1162 3522 1214 3594 del.
1226 3513 1323 3580 mue.)

330 3594 458 3649 secedere
548 3599 582 3647 29
602 3593 734 3648 dicimus:
753 3592 811 3647 dici
827 3593 872 3648 vis
890 3594 1051 3649 Bursimms
1098 3659 1099 3664 ἵ
1140 3591 1270 3662 equidem
1282 3589 1324 3658 ’(11

325 3667 409 3734 pettit
423 3684 451 3718 m
468 3667 500 3719 ia
512 3669 589 3736 my.):
608 3667 637 3719 et
655 3665 770 3733 quidem
788 3665 977 3720 Mortlccdue
1048 3669 1081 3717 33
1100 3663 1131 3718 in
1143 3666 1225 3734 pria3
1235 3659 1323 3716 xeos·

330 3735 488 3807 Nealpolim
505 3753 532 3787 111
549 3738 581 3790 ia
597 3754 649 3808 my.
721 3754 790 3789 11111
810 3737 919 3802 (litteris
936 3737 1039 3806 ratris)

400 3806 420 3860 I.
441 3811 456 3859 8
475 3809 507 3860 tu
525 3824 560 3862 ne
580 3811 608 3878 (n
627 3825 660 3861 ex
677 3825 696 3860 u
714 3809 749 3875 m)
837 3813 851 3860 9
871 3805 976 3860 liminis
994 3824 1023 3860 c:
1041 3805 1167 3860 Luminis
