3317 4434
326 419 367 482 78
677 419 707 472 P.
726 418 850 472 PAPINI
868 417 985 472 STATII

324 565 400 628 hinc
423 567 456 628 et
478 563 512 627 in
535 565 671 628 Arctoas
692 563 800 628 tenuis
822 584 929 627 comes
952 584 1053 646 usque
1076 562 1208 646 pruinas

328 651 508 717 terribilem
530 652 640 717 adfatu
662 674 777 736 passus
799 651 934 736 visuque
957 655 1132 735 tyrannum

325 741 560 824 immanemque
583 741 662 825 suis,
685 744 722 805 ut
746 739 801 824 qui
824 739 996 804 metuenda
1017 740 1158 804 ferarum

325 830 420 894 corda
438 830 569 894 domant
586 851 772 913 mersasque
791 828 905 893 iubent
923 829 988 892 iam
1006 828 1163 914 sanguine
1181 832 1261 892 tacto

324 917 455 983 reddere
478 918 518 982 ab
543 940 734 983 cremanus
757 921 790 981 et
811 917 902 982 nulla
924 916 1030 981 vivere
1053 917 1181 1000 praeda.
1288 929 1313 978 tt

324 1007 515 1091 praecipuos
538 1007 594 1071 sed
617 1006 702 1071 enim
724 1005 840 1070 merito
864 1005 1004 1070 surrexit
1026 1005 1061 1069 in
1084 1009 1174 1070 actus

322 1095 466 1160 nondum
488 1095 690 1182 stelligerum
713 1095 820 1160 senior
843 1093 992 1158 dimissus
1014 1094 1049 1159 in
1072 1116 1165 1159 axem

325 1184 475 1248 Claudius
499 1188 531 1248 et
554 1184 652 1271 longo
675 1183 868 1248 transmittit
890 1183 1010 1248 habere
1032 1183 1155 1267 nepoti.

324 1273 396 1356 quis
415 1294 549 1356 superos
567 1276 715 1337 metuens
733 1272 857 1355 pariter
874 1275 925 1336 tot
943 1272 1077 1356 temple,
1096 1274 1147 1336 tot
1165 1294 1234 1336 aras

323 1361 538 1444 promeruisse
561 1361 676 1425 datur?
712 1361 829 1424 summi
851 1359 936 1425 lovis
959 1359 1061 1446 aliger
1082 1359 1184 1425 Arcas
1288 1372 1314 1420 80

322 1450 468 1532 nuntius3
492 1449 658 1513 imbrifera
681 1449 807 1533 potitur
829 1449 1063 1514 Thaumantide
1085 1447 1181 1534 Iun03

323 1542 388 1603 stat
411 1539 495 1602 celer
517 1537 673 1621 obsequio
696 1538 783 1602 iussa
805 1537 846 1601 ad
867 1537 1035 1622 Neptunia
1057 1537 1183 1603 Triton:

322 1633 359 1690 tu
381 1626 502 1691 totiens
525 1630 649 1690 mutata
672 1626 788 1691 ducum
811 1627 888 1713 iuga
910 1626 972 1692 rite
995 1626 1101 1691 tulisti

323 1716 458 1801 integer,
480 1715 577 1798 inque
601 1715 689 1779 omni
712 1715 791 1780 felix
814 1719 871 1779 tua
894 1715 1010 1780 cumba
1032 1715 1202 1798 profundo.

321 1804 449 1887 iamque
472 1803 560 1886 piam
582 1803 640 1868 lux
663 1804 729 1868 alta
752 1804 883 1868 domum
905 1803 1131 1889 praecelsaque
1154 1808 1224 1869 toto
1289 1815 1314 1864 st

322 1892 456 1957 intravit
479 1891 623 1957 Fortuna
646 1893 761 1979 gradu3
784 1892 849 1957 iam
872 1893 1013 1958 creditur
1034 1892 1091 1956 uni

322 1984 503 2046 sanctarum
526 1980 671 2066 digestus
694 2003 793 2065 opum
815 1986 993 2066 partaeque
1016 2003 1075 2066 per
1097 1981 1202 2045 omnis

324 2069 455 2133 divitiae
478 2070 618 2154 populos
641 2069 816 2156 magnique
838 2070 1002 2154 impendia
1024 2069 1148 2134 mundi.

322 2158 475 2242 quicquid
498 2158 538 2222 ab
563 2157 711 2223 auriferis
734 2158 850 2223 eiectat
873 2158 1008 2223 Hiberia
1031 2157 1140 2244 fossis,

320 2246 501 2312 Dalmatico
520 2247 606 2331 quod
624 2251 733 2312 monte
751 2246 847 2331 nitet,
871 2247 957 2331 quod
974 2247 1133 2312 messibus
1151 2245 1240 2311 Afris
1288 2259 1315 2307 9⁰
1354 2290 1356 2295 -

320 2335 472 2420 verritur,
496 2335 637 2401 aestiferi
661 2335 813 2420 quicquid
837 2336 914 2400 terit
937 2358 1011 2400 area
1031 2334 1114 2420 Nili,

324 2425 473 2508 quodque
495 2425 578 2511 legit
600 2447 724 2490 mersus
747 2424 857 2511 pelagi
880 2428 1039 2489 scrutator
1059 2423 1136 2507 Eoi,

321 2517 353 2577 et
375 2513 617 2578 Lacedaemonii
639 2513 789 2598 pecuaria
812 2513 899 2578 culta
922 2512 1047 2578 Galaesi

321 2602 571 2686 perspicuaeque
593 2603 683 2667 nives
706 2602 912 2687 Massylaque
935 2601 1053 2666 robora
1075 2604 1108 2666 et
1129 2600 1200 2665 Indi

321 2690 427 2753 dentis
450 2691 565 2754 honos:
602 2690 658 2754 uni
681 2694 797 2775 parent
820 2690 989 2755 commissa
1011 2689 1174 2774 ministre,
1288 2700 1312 2750 tt

321 2800 402 2861 quae
420 2778 539 2842 Boreas
559 2800 703 2862 quaeque
721 2778 829 2843 Eurus
848 2783 951 2864 atrox,
965 2801 1046 2863 quae
1063 2778 1195 2844 nubilus
1208 2777 1313 2843 Auster

320 2865 456 2929 invehit:
479 2865 633 2931 hibernos
656 2866 751 2931 eitius
773 2867 990 2933 numeraveris
1012 2867 1133 2933 imbres

320 2954 536 3038 silvarumque
555 2976 670 3019 comas.
707 2956 787 3042 vigil
810 2957 895 3021 idem
918 2955 1082 3041 animique
1105 2956 1229 3042 sagacis

392 3134 423 3182 71
442 3129 527 3184 Hinc:
546 3131 619 3184 hunc
633 3132 673 3185 ed.
688 3133 807 3186 Aldina:
823 3131 889 3185 huic
902 3132 1061 3186 Politiaaue
1115 3136 1148 3184 73
1164 3130 1234 3187 suis:
1248 3124 1311 3183 sutis
1354 3182 1356 3195 ,

320 3200 523 3267 Hirschfeldius
585 3200 650 3270 quie
723 3207 755 3255 76
775 3201 907 3257 surrexit:
927 3201 1057 3257 subvexit
1075 3203 1233 3257 Politiaiius
1249 3200 1312 3284 (bd
1354 3198 1356 3269 i

319 3271 453 3325 Heinsius
507 3274 586 3326 actus
601 3289 629 3331 s:
649 3275 726 3326 artus
782 3279 814 3327 77
834 3272 965 3327 dimissus
985 3274 1171 3344 Peyraredus:
1190 3273 1311 3328 demrssua
1352 3336 1355 3343 Ι

380 3347 413 3394 78
431 3341 529 3413 longo:
547 3343 660 3414 longum
683 3344 830 3399 Gecartiae
848 3343 1029 3400 transmittit:
1054 3343 1213 3398 transmisit
1229 3339 1311 3398 Mort-

319 3414 420 3468 loadua
482 3419 515 3467 82
535 3414 610 3471 Stat:
629 3417 681 3468 nat
697 3416 832 3470 Heinsius
903 3420 937 3469 89
957 3413 1093 3483 Quitquid
1153 3413 1268 3469 Hiberia
1289 3425 1311 3468 s:

318 3484 445 3539 helberia
516 3491 549 3539 96
567 3484 681 3538 nubilus
700 3488 734 3545 ς;’
754 3485 876 3540 nubibus
949 3491 983 3541 98
1001 3485 1072 3556 vigil
1088 3484 1166 3540 idem
1184 3483 1311 3552 animique

319 3555 429 3625 sagacis
443 3557 512 3610 Leo:
531 3555 642 3625 vigilite
655 3555 734 3626 (vigil
748 3556 787 3611 ite
801 3575 853 3626 sep.
864 3557 914 3627 ΕΙ)
933 3556 1099 3625 animaeque
1114 3556 1236 3628 aegeum
1252 3547 1311 3622 viffl'l

319 3643 406 3694 usque
429 3625 494 3696 (iste
514 3627 649 3696 Gayetus:
673 3626 733 3696 ipse
752 3629 947 3697 Marktaadua)
971 3627 1112 3697 animique
1135 3627 1245 3710 sagacia
1262 3621 1311 3682 Sal·

319 3700 435 3752 meare:
447 3753 450 3759 Α
463 3696 545 3768 vigili
562 3700 595 3751 tu
613 3696 761 3766 animoque
781 3701 876 3768 sagaci
895 3699 1080 3770 Peyraredua:
1099 3697 1195 3770 vigilia
1213 3701 1245 3754 tu
1261 3709 1309 3751 am·

319 3766 412 3834 mique
431 3768 541 3838 sagacis
559 3770 689 3836 Imbofiua
