3317 4434
357 445 408 499 xx
719 438 845 492 Editoris
862 435 1012 506 praefatio.

358 611 537 687 paucissima
556 609 755 666 commutatae
775 623 789 665 e
803 606 858 664 eti
871 606 1006 681 exempla
1020 604 1120 664 affero.
1162 623 1237 663 nam
1254 603 1379 678 plerum·

360 728 416 784 que
444 725 504 766 non
536 706 706 764 liiterarum
733 703 929 762 similitudine
958 721 1040 761 error
1074 702 1100 761 is
1129 703 1214 761 ortus
1245 703 1302 775 est,
1335 697 1381 758 sed

360 876 463 934 formis
497 873 670 950 vulgaribus
703 871 813 931 inlatis.
868 873 969 930 tamen
1002 869 1092 928 Theb.
1117 869 1133 927 I
1159 871 1223 929 119
1258 807 1382 928 ωιῖοθηαε

360 975 424 1048 ipse
456 969 596 1029 librarius
629 968 714 1028 docte
747 969 886 1042 correxit,
912 967 941 1024 V
964 969 1025 1026 141
1055 966 1182 1026 invalidi
1213 967 1326 1044 legitur
1354 966 1382 1022 in

362 1070 515 1128 Puteaneo
538 1086 592 1142 pro
617 1065 779 1134 cecolidi,
803 1065 879 1122 VIII
897 1066 941 1125 40
963 1066 996 1123 in
1023 1082 1077 1141 pro
1101 1081 1145 1122 en.
1190 1062 1299 1123 deinde
1324 1064 1383 1121 cet

362 1168 510 1226 ibtterae
533 1165 571 1222 ab
591 1161 767 1239 exemplaris
789 1162 913 1222 librario
937 1162 1076 1221 confusae
1100 1163 1180 1236 sunt,
1204 1180 1278 1220 nam
1299 1159 1382 1218 Theb.

363 1266 406 1323 XI
425 1266 490 1323 470
522 1262 692 1335 salomeque
722 1280 777 1336 pro
809 1277 984 1333 scenamque
1015 1259 1163 1334 scriptum
1196 1262 1258 1334 est,
1284 1257 1328 1316 XI
1346 1257 1381 1315 43

362 1361 509 1421 Aeternis
545 1379 599 1435 pro
624 1356 773 1418 Alternus.
829 1357 920 1417 Theb.
949 1355 1025 1414 VIII
1054 1358 1118 1415 204
1156 1357 1383 1431 transcripserat

363 1459 503 1519 librarius
523 1457 631 1516 codicis
649 1454 795 1515 Puteanei
816 1455 917 1524 eliber,
941 1450 1120 1514 sed'statim
1144 1455 1267 1531 cognito
1291 1470 1382 1512 errore

364 1557 375 1615 l
399 1556 503 1629 erasit,
532 1554 641 1612 oblitus
669 1557 770 1612 tamen
794 1570 809 1612 e
831 1552 1018 1612 substituere.
1065 1551 1193 1626 denique
1217 1551 1383 1610 vetustioris

365 1655 530 1728 scripturae
548 1649 998 1726 luculentissimnm'exemplum
1014 1651 1111 1708 exstat
1125 1648 1218 1706 Theb.
1233 1647 1312 1706 VIII
1328 1648 1382 1706 732

364 1749 417 1807 ubi
444 1767 499 1824 pro
526 1750 607 1807 socci
633 1749 716 1820 safra
738 1749 850 1826 legitur
871 1749 904 1806 in
926 1746 1074 1806 Puteano:
1103 1746 1251 1822 capitales
1274 1747 1383 1805 litteras

367 1863 458 1905 ssnvr
476 1864 562 1904 nemo
581 1864 641 1903 non
660 1845 803 1922 agnoscit.
837 1847 927 1921 atque
938 1848 980 1902 *ut
997 1846 1060 1903 iam
1073 1861 1223 1904 summam
1238 1842 1384 1921 longioris,

366 1943 549 2003 necessariae
580 1946 681 2001 tamen
714 1941 926 2017 disputationis
958 1941 1117 2016 faciamus,
1154 1942 1211 2001 hoc
1246 1939 1386 2000 scribendi

368 2060 474 2119 genere
493 2042 646 2099 exaratum
668 2039 760 2098 fuisse
778 2040 1013 2099 vetustissimum
1035 2039 1121 2097 illum
1144 2038 1268 2108 librum,
1293 2059 1310 2098 a
1334 2055 1385 2114 quo

368 2158 427 2198 uno
451 2137 550 2198 codice
573 2137 741 2195 intermisso
766 2140 856 2211 atque
884 2155 918 2195 eo
941 2135 1115 2195 minusculis
1142 2137 1256 2196 fitteris
1283 2138 1386 2211 scripto

369 2236 552 2296 descendisse
571 2234 753 2293 Puteaneum
776 2234 850 2293 satis
873 2232 1121 2293 demonstravisse
1141 2233 1230 2293 nobis
1249 2234 1386 2294 videmur.

369 2335 450 2392 illius
474 2332 582 2391 codicis
606 2331 765 2409 vestigium
791 2332 883 2390 etiam
908 2331 991 2389 aliud
1014 2332 1112 2390 exstat
1134 2330 1319 2406 subscriptio
1341 2331 1388 2388 illa

369 2432 533 2502 notissima,
552 2447 627 2503 quae
644 2430 675 2486 in
695 2429 754 2486 fine
769 2430 870 2503 quarti
884 2427 1051 2487 Thebaidos
1069 2427 1141 2486 libri
1159 2429 1192 2486 in
1206 2427 1360 2488 Puteaneo
1366 2417 1386 2507 1)

370 2529 493 2604 legitur:
513 2526 625 2584 Iuliani
643 2517 732 2607 u(iri)
751 2517 938 2606 c(larissimi)
958 2525 1070 2585 librum
1091 2525 1179 2584 illum
1202 2525 1299 2586 fuisse
1321 2524 1388 2584 mihi

370 2643 425 2699 pro
445 2623 598 2698 explorato
622 2615 708 2703 est.²)

440 2722 581 2794 quoniam
613 2721 656 2779 sic
688 2722 779 2779 etiam
810 2719 847 2778 ab
876 2722 1020 2780 exteriore
1047 2722 1133 2796 parte
1161 2722 1196 2778 ut
1223 2721 1272 2779 ita
1300 2720 1388 2779 dicam

372 2817 471 2875 locum
494 2834 580 2875 suum
599 2816 749 2876 Puteaneo
767 2817 993 2892 vindicavimus,
1016 2836 1104 2891 quem
1126 2819 1318 2891 praestantia
1339 2817 1387 2874 lec·

373 2916 489 2972 tionum
512 2930 633 2970 suarum
652 2917 784 2973 omnium
803 2913 957 2972 doctorum
974 2913 1085 2973 iudicio
1106 2915 1167 2972 iam
1188 2914 1387 2991 occupaverat

373 3011 467 3068 restat
494 3011 528 3066 ut
550 3013 653 3083 paucis
677 3011 713 3069 de
736 3012 884 3070 erroribus
908 3029 1041 3090 agamus,
1064 3028 1138 3087 quos
1161 3013 1284 3087 saepius
1307 3011 1387 3069 libra-

375 3175 447 3229 quae
466 3176 530 3212 oum
548 3159 590 3212 ita
609 3159 673 3226 sint,
692 3161 847 3214 rectissime
866 3161 937 3215 mihi
950 3161 1061 3216 videtur
1079 3160 1221 3215 iudicasse
1236 3161 1387 3216 Fridericns

374 3239 500 3294 Vollmer
527 3241 606 3307 (mus.
622 3239 768 3305 lineali,
789 3245 867 3306 1896,
885 3259 913 3310 p.
930 3246 963 3295 29
983 3241 1046 3295 adn.
1063 3243 1097 3310 1),
1122 3239 1172 3310 qui
1198 3243 1324 3298 Rostruit
1344 3254 1386 3308 pro

375 3320 497 3389 genuino
515 3319 609 3372 habet.

377 3482 390 3532 t
448 3403 474 3469 1)
502 3401 570 3453 nota
597 3399 650 3453 hoo
677 3416 733 3453 uno
761 3399 822 3454 loco
852 3404 1048 3470 argumentum
1075 3403 1273 3456 monostichon
1306 3415 1386 3454 serva

390 3496 579 3629 umae)ss‹1ei1em
594 3559 739 3613 Juliannm
758 3561 878 3614 eundem
897 3576 965 3626 esse,
985 3560 1031 3614 cui
1044 3559 1205 3614 Priscianus
1225 3578 1296 3630 opus
1315 3575 1385 3614 suum

378 3639 528 3706 dedicavit,
547 3639 674 3708 speciosa
688 3639 810 3707 quidem,
830 3641 880 3693 sed
894 3639 1082 3694 incertissima
1096 3639 1259 3694 coniectura
1273 3639 1385 3694 Vollmer

379 3719 509 3786 opinatus
529 3722 583 3773 est:
603 3737 672 3773 mus.
688 3719 776 3772 Rhen.
791 3719 827 3770 LI
845 3722 936 3788 (1896)
954 3738 982 3789 p.
998 3724 1031 3773 2⁷
1051 3719 1115 3772 adn.
1133 3725 1156 3772 1.
1190 3720 1278 3774 etiam
1297 3719 1384 3774 chab-

379 3796 482 3850 lainius
501 3799 519 3852 l.
539 3799 557 3852 1.
578 3800 615 3851 ad
632 3800 706 3853 hanc
725 3798 894 3852 sententiam
912 3816 1016 3867 pronus
1036 3800 1104 3853 erat.
