3317 4434
652 444 775 498 Editarie
793 444 941 514 praefatio.

423 612 439 670 Ι
463 613 527 671 648
551 615 648 672 vibrat
669 617 708 672 P:
732 614 867 672 attrabat
889 629 920 671 ω

421 709 438 768 Ι
461 711 526 769 650
550 712 601 783 qai
622 714 662 769 P:
686 709 757 783 qaid
779 726 811 768 ω

421 806 908 866 1691αωηοΡιοιωηεοω

421 905 437 963 Ι
463 907 525 964 717
550 922 617 978 -aae
639 924 696 964 om.
719 909 747 963 P

420 1003 437 1061 1
461 1003 524 1062 803
549 1006 652 1062 amata
674 1007 714 1062 P:
738 1006 857 1061 amatas
879 1019 910 1061 ω

420 1098 437 1156 Ι
460 1099 523 1158 817
548 1101 634 1173 ayaat
655 1104 695 1159 P:
718 1102 818 1174 eaaaat
841 1116 872 1158 ω

398 1195 436 1255 *Ι
459 1197 523 1255 844
546 1197 630 1256 labar
651 1201 691 1256 P:
714 1198 823 1257 tabam
845 1214 876 1256 ω

421 1293 438 1351 Ι
462 1295 525 1353 879
549 1311 617 1367 -aae
639 1312 695 1353 om.
718 1300 746 1354 P

393 1386 437 1470 †I
460 1393 522 1452 887
547 1390 675 1452 Ameata
697 1397 736 1452 P:
759 1392 907 1452 Lamenta
930 1409 961 1451 ω

399 1488 437 1547 *Ι
462 1491 524 1549 905
548 1492 596 1548 atr
648 1495 675 1550 P
688 1510 743 1567 pro
758 1494 846 1567 atres:
860 1492 949 1568 plane
965 1491 1048 1550 aliud
1061 1494 1094 1550 in
1108 1509 1139 1551 ω
1153 1493 1272 1570 legitur.
1281 1486 1306 1573 ¹)

419 1586 436 1645 I
460 1588 523 1646 908
541 1591 688 1662 prostavit
709 1592 736 1646 P
760 1581 828 1669 (pro
846 1581 1037 1670 prostrat-aa
1054 1593 1179 1663 proteat
1201 1607 1232 1649 ω

398 1683 435 1742 *Ι
459 1685 522 1743 913
546 1686 644 1744 videta
665 1690 705 1745 P:
728 1686 842 1744 videtur
864 1702 895 1744 ω

397 1782 435 1840 *Ι
459 1785 522 1842 914
544 1786 589 1843 tra
611 1804 667 1844 om.
691 1788 718 1843 P

396 1880 434 1938 *Ι
459 1882 521 1940 916
545 1882 647 1941 actatle
669 1886 709 1940 P:
732 1881 850 1942 aetates
872 1898 903 1940 α)

419 1978 436 2037 Ι
460 1981 523 2038 917
547 1979 590 2038 aa
611 1985 652 2040 P:
675 1980 728 2039 tate?
751 1996 782 2038 ω

419 2076 436 2134 Ι
459 2077 523 2136 918
547 2079 617 2150 effer
638 2081 678 2136 P:
702 2080 782 2151 effert
804 2094 836 2136 ω

418 2173 435 2232 Ι
459 2177 521 2234 919
545 2174 694 2233 Detdama
716 2179 756 2234 P:
779 2176 939 2235 Deidamia
963 2192 994 2234 ω

396 2270 489 2329 *ibit
513 2289 562 2331 am
586 2264 661 2353 (eat
682 2271 751 2331 add.
774 2264 826 2353 P‘)
850 2277 890 2332 P:
913 2288 1014 2331 aeneae
1037 2289 1068 2331 ω

396 2367 434 2426 *Ι
458 2369 520 2428 921
545 2370 617 2442 sacti
640 2362 682 2450 (a
704 2368 771 2428 add.
794 2361 847 2450 ΡΙ)
870 2374 910 2429 P:
932 2371 1019 2442 fact-te
1041 2386 1072 2428 ω

396 2465 435 2524 *Ι
459 2467 522 2526 922
541 2483 614 2540 pasc
637 2460 684 2547 (a
707 2465 773 2525 add.
796 2459 849 2548 ΡΥ)
872 2472 913 2526 P:
930 2472 1034 2541 paseat
1056 2459 1119 2548 ast)

404 2562 435 2622 H
460 2565 500 2622 37
525 2581 542 2622 a
565 2582 621 2622 am.
642 2568 670 2622 Ρ

403 2660 435 2719 Π
451 2661 491 2719 76
507 2665 597 2720 aetas
610 2665 637 2719 P
652 2663 749 2737 spatio
764 2663 851 2721 unius
867 2663 985 2722 litterae
999 2665 1117 2723 relicto:
1132 2668 1224 2723 aeetae
1238 2657 1302 2746 w⁸)

402 2758 434 2817 Π
459 2759 521 2818 129
546 2760 587 2819 ad
610 2778 666 2817 om.
689 2751 748 2838 1³4)

402 2855 434 2914 Π
459 2857 521 2915 155
546 2857 578 2914 Ε
598 2861 638 2916 P:
661 2858 704 2914 Et
726 2873 757 2915 ω

354 3019 381 3086 1)
410 3032 491 3071 erasa
517 3016 564 3071 hia
587 3016 727 3085 quaedam
750 3032 811 3071 esee
837 3016 908 3071 falso
927 3016 1121 3072 Kohlmannus
1148 3020 1300 3073 contendit.

279 3112 397 3151 rasurae
416 3095 491 3150 enim
509 3113 561 3151 nea
579 3096 643 3150 vala
661 3112 713 3150 nea
731 3096 890 3167 vestigium.

353 3178 380 3245 2)
395 3175 499 3230 iterum
512 3176 605 3230 minus
620 3176 751 3230 accurate
766 3177 801 3231 de
814 3177 958 3232 Puteanea
972 3177 1083 3232 rettulit
1097 3177 1300 3245 Kohlmannus‚

281 3273 345 3310 eum
361 3262 480 3324 paecaat
497 3255 527 3309 in
546 3272 578 3310 eo
599 3273 659 3310 esse
673 3256 830 3326 adnotaret,
851 3258 989 3311 adductus
1007 3255 1140 3310 nimirum
1158 3272 1225 3309 vace
1244 3259 1299 3310 Im-

276 3338 384 3406 pteaat
403 3352 475 3404 quae
494 3335 576 3390 initio
595 3353 690 3390 versus
708 3337 820 3407 legitur.

352 3419 380 3486 3)
398 3415 477 3470 nolui
495 3415 542 3470 hic
566 3415 675 3471 adferte
693 3416 767 3472 11⁷5
786 3418 837 3472 ubi
855 3424 938 3486 rapta
955 3422 975 3468 P
998 3414 1124 3480 exhibet,
1147 3419 1257 3482 raptam
1276 3421 1300 3469 et

280 3495 368 3550 aeteri
396 3496 514 3550 codices.
560 3512 627 3549 nam
654 3497 783 3551 voculam
811 3504 837 3551 et
868 3498 981 3550 inanem
1009 3510 1068 3548 esee
1097 3495 1300 3548 demonstravit

279 3575 514 3631 Wilemowitziue
534 3575 580 3645 (ef.
596 3578 750 3645 apparatus
774 3576 907 3646 criticus),
925 3575 1060 3630 lineolam
1079 3575 1174 3627 autem
1193 3591 1249 3642 qua
1272 3593 1298 3628 m

279 3655 323 3711 vel
341 3672 363 3708 a
382 3655 565 3725 significatur,
584 3655 661 3709 haud
679 3672 742 3710 raro
761 3656 893 3709 librarius
912 3655 1015 3710 omisit.

351 3738 379 3804 4)
397 3736 466 3789 nata
484 3734 515 3788 in
533 3740 583 3795 ΕΚ
601 3735 648 3788 hia
666 3740 692 3788 et
710 3735 871 3788 desiderari.
904 3736 979 3789 unde
998 3736 1117 3806 apparet
1135 3733 1220 3788 facile
1238 3734 1298 3788 fieri

277 3814 414 3885 patuisse,
432 3816 466 3868 ut
483 3815 615 3869 h'brariue
635 3813 754 3868 alteram
771 3817 866 3869 utram
884 3815 1055 3885 particulam
1073 3815 1243 3885 neglegeret.
