3317 4434
720 435 928 494 musano
1208 438 1333 494 LXXXV

319 588 478 648 timendum
500 605 563 647 esse
587 584 695 648 censui.
727 589 847 648 videtur
864 589 943 648 enim
965 607 1001 648 ea
1019 590 1115 649 forma
1134 590 1224 651 luisse
1245 591 1332 650 fami·

320 677 406 736 liaris
439 678 502 736 eius
533 678 599 736 aevi
627 679 731 753 poetis.
773 697 833 736 nou
861 679 957 737 solum
983 683 1102 755 praeter
1128 679 1207 739 hunc
1233 681 1332 740 locum

317 770 367 824 ter
397 769 496 824 exstat
526 759 611 825 inll
643 759 1253 850 (1112,138.1113‚140.V2‚139)‚
1281 769 1333 829 sed

319 855 414 914 etiam
437 855 517 930 apud
536 853 643 912 Silium
662 848 722 934 (111
741 848 820 936 600)
840 849 967 931 ‘Idyma'
986 856 1045 914 fuit
1066 857 1098 915 in
1122 857 1282 934 archetypo
1302 861 1332 916 et

319 943 401 1020 apud
427 942 582 1001 Valerium
610 943 750 1003 Flaccum
779 945 853 1003 haec
882 945 979 1003 forma
1008 946 1084 1003 latet
1117 946 1149 1003 in
1184 949 1333 1023 apparatu

319 1033 424 1091 critico
446 1031 532 1090 112.
579 1032 653 1090 adde
677 1033 756 1108 quod
780 1033 860 1109 apud
882 1032 1050 1111 Vergilium
1074 1026 1194 1115 (Georg.
1208 1034 1255 1093 ΙΠ
1276 1028 1331 1116 12)

318 1122 350 1179 in
370 1120 586 1195 antiquissimis
605 1121 784 1197 optimisque
803 1122 888 1182 libris
906 1123 999 1181 ferme
1017 1123 1129 1201 legitur
1143 1118 1331 1198 ‘Idymaeas'.

385 1209 418 1267 H
434 1211 533 1283 praef.
555 1211 595 1268 12
618 1210 756 1269 lacunam
780 1230 871 1286 quam
898 1214 1075 1288 statueram,
1098 1212 1181 1270 hiare
1205 1214 1236 1270 et
1258 1211 1332 1270 Kar·

319 1290 453 1379 stenus¹)
478 1299 620 1376 cognovit
643 1300 834 1375 conceditque
858 1301 950 1359 etiam
962 1299 1104 1360 Vollmer.
1138 1301 1189 1359 sed
1211 1318 1332 1378 prorsus

319 1386 518 1446 abdicandum
540 1387 778 1463 reiciendumque
797 1391 851 1464 est,
871 1390 950 1464 quod
972 1389 1024 1449 ille
1042 1389 1079 1448 de
1102 1388 1247 1465 explenda
1269 1408 1333 1449 sen-

318 1476 418 1535 tentia
440 1477 631 1554 excogitavit.
677 1495 771 1552 neque
795 1477 874 1536 enim
901 1477 1040 1537 lacunam
1066 1480 1186 1537 tantum
1216 1479 1333 1553 statuit,

319 1565 371 1624 sed
399 1565 490 1623 etiam
519 1584 595 1641 quae
625 1566 652 1623 ei
683 1564 812 1624 finitima
844 1569 926 1642 sunt,
957 1568 1127 1626 coniectura
1158 1567 1333 1642 temptavit:

319 1648 416 1714 ‘tunc'
438 1654 517 1712 enim
539 1654 697 1731 proposuit
718 1674 773 1731 pro
797 1650 889 1713 ‘non'.
935 1656 1037 1730 itaque
1061 1655 1096 1713 de
1124 1655 1188 1714 eius
1216 1655 1333 1732 supple-

318 1746 420 1802 mento
450 1743 541 1803 verba
570 1743 667 1801 iacere
697 1744 747 1802 vix
778 1760 884 1820 operae
914 1743 1043 1819 pretium
1074 1747 1126 1802 est.
1172 1743 1246 1802 mihi
1273 1743 1334 1803 tale

320 1827 464 1907 quiddam
483 1832 603 1891 videtur
624 1833 766 1891 haustum
787 1849 850 1891 esse
874 1832 994 1890 lacuna:
1016 1835 1077 1891 ium
1099 1850 1158 1891 raon
1181 1833 1232 1891 otor·
1254 1828 1335 1910 <tom

319 1922 439 1994 funesto
467 1925 494 1980 et
515 1922 638 1995 plorata
663 1923 804 1980 memoria
832 1923 873 1979 est
894 1938 983 1994 quam
1005 1915 1091 1999 cum>
1117 1920 1205 1980 taius
1232 1922 1335 1982 amissi

320 2026 422 2068 recens
443 2010 559 2078 cattus,
583 2013 617 2068 ut
637 2012 703 2078 scie
728 2011 852 2084 micetio
870 2014 1042 2084 prosecutus
1065 2026 1138 2068 scm.

386 2097 419 2155 H
439 2101 467 2173 1,
484 2099 526 2156 64
548 2097 814 2158 Vollmerfrastra
832 2100 992 2176 temptavit
1009 2098 1154 2157 traditam
1177 2098 1335 2157 lectionem

320 2187 486 2245 defendere.
531 2203 601 2245 nam
632 2205 707 2262 quae
737 2186 865 2263 protulit
895 2188 1042 2265 exempla,
1065 2206 1101 2245 ea
1128 2187 1216 2262 plane
1248 2187 1336 2245 aliter

319 2277 495 2352 comparata
522 2278 601 2334 aunt.
647 2276 810 2336 collocatur
837 2279 916 2336 enim
946 2276 1027 2335 haud
1056 2294 1124 2334 raro
1151 2274 1335 2351 praepositio

318 2367 389 2440 post
412 2363 633 2423 substantivum
655 2364 703 2423 vel
728 2366 920 2443 coniungitur
938 2383 1004 2424 cum
1023 2367 1085 2422 eius
1105 2363 1260 2421 attributo.
1297 2363 1336 2421 ad

318 2452 395 2511 illud
423 2453 481 2511 loci
509 2456 646 2528 spectant
674 2470 748 2528 quos
771 2453 906 2511 Vollmer
931 2454 995 2529 ipse
1024 2451 1140 2511 addidit
1161 2450 1269 2509 Leonis
1297 2451 1336 2511 ad

320 2539 431 2600 Culicis
445 2561 473 2598 v.
485 2543 527 2600 92
543 2543 698 2619 exemplis:
716 2542 804 2617 Prop.
815 2541 861 2598 III
877 2545 905 2617 1,
916 2543 944 2600 4.
958 2542 1045 2600 Aetn.
1059 2541 1121 2600 326
1134 2540 1172 2598 al.
1186 2540 1275 2599 huius
1291 2541 1336 2598 rei

320 2629 457 2706 exempla
480 2630 519 2688 ex'
533 2631 674 2689 sescentis
692 2649 827 2707 propono
845 2631 919 2689 haec
937 2630 1023 2690 Lucr.
1038 2629 1081 2687 VI
1101 2630 1164 2689 683
1187 2630 1337 2703 multaque

320 2721 392 2777 suot
417 2720 495 2792 mnis
511 2735 606 2793 prope
627 2723 740 2778 semina
763 2718 981 2792 aquai,1740
999 2721 1157 2793 principiis
1180 2724 1277 2778 tamea
1303 2720 1337 2778 tc

319 2822 420 2865 reram
438 2808 530 2880 fecere
546 2809 659 2868 ruinas.
684 2809 717 2866 at
731 2807 810 2866 Stati
828 2809 893 2867 loco
912 2808 1000 2883 plane
1015 2807 1103 2866 aliter
1121 2825 1167 2867 res
1186 2827 1217 2867 se
1236 2806 1335 2867 habet.

320 2896 525 2970 interponitur
547 2898 626 2954 enim
649 2898 728 2977 inter
751 2895 932 2955 attributum
951 2901 981 2955 et
1003 2897 1253 2973 praepositionem
1271 2915 1337 2955 ver·

320 2984 402 3042 bum.
433 2985 548 3043 accedit
566 2985 646 3060 quod
663 3005 770 3061 parum
791 2987 892 3062 placet
911 2984 1065 3045 Glauciam
1085 2985 1186 3044 oscula
1204 2984 1336 3044 Melioris

319 3073 361 3132 ad
379 3076 480 3149 postes
498 3091 646 3133 revocare.
677 3078 780 3133 contra
799 3094 890 3150 quam
907 3074 1007 3151 lepida
1025 3074 1134 3152 imago,
1153 3074 1178 3133 si
1196 3073 1338 3151 fingimus

321 3163 422 3221 animo
442 3165 614 3237 sequentem
627 3181 723 3238 usque
738 3163 776 3220 ad
789 3164 896 3222 limina
910 3164 1062 3223 dominum
1078 3162 1179 3238 ibique
1198 3162 1335 3221 insisten-

320 3255 383 3308 tem
408 3252 494 3325 quasi
517 3251 646 3310 veritum
669 3253 769 3327 postes
793 3252 894 3329 egredi
913 3256 943 3311 et
961 3253 1117 3312 abeuntem
1140 3269 1279 3310 revocare
1299 3249 1336 3308 ad

322 3339 438 3398 oscula!
469 3340 573 3414 itaque
601 3358 668 3399 cum
696 3339 782 3400 Italis
811 3342 971 3418 singularis
999 3341 1165 3400 ablativum
1194 3334 1270 3416 ‘ipso
1292 3370 1336 3379 -

321 3421 420 3503 poste'
443 3427 582 3504 probavi,
606 3447 666 3505 quo
694 3450 817 3489 numero
840 3432 938 3489 utitur
961 3430 999 3489 ad
1026 3432 1146 3489 ianuam
1169 3428 1340 3506 significan·

323 3516 394 3573 dam
418 3519 449 3574 et
472 3514 545 3574 alibi
569 3516 684 3577 Statius
708 3536 731 3576 e.
752 3540 779 3596 g.
798 3517 843 3576 IV
863 3523 891 3594 1,
905 3520 956 3577 44.
1002 3518 1133 3576 breviter
1158 3535 1263 3577 moneo
1290 3536 1336 3575 me

323 3604 421 3662 Elteri
444 3605 645 3664 coniecturam
668 3627 695 3664 v.
713 3610 751 3665 71
778 3602 884 3667 ‘dulcis
899 3601 1028 3667 -cura'
1053 3599 1340 3686 (³dulces—curae'

396 3793 422 3862 1)
441 3791 459 3845 l.
474 3791 493 3845 l.
512 3809 540 3861 p.
556 3797 616 3846 350.
