3317 4434
644 421 830 479 snvesuu
849 425 978 494 n.1v‚4.
1255 427 1319 492 105

301 566 476 651 litoribus,
499 567 618 633 fractas
641 569 698 650 uhi
720 569 859 634 Vesvius
882 569 978 655 erigit
1001 570 1074 658 iras,

301 655 436 720 aemula
457 655 632 722 Trinacriis
653 657 784 735 volvens
807 657 954 722 incendia
976 659 1122 725 flammis.
1286 679 1321 728 80

300 744 390 809 mira
411 745 504 810 fides!
540 745 689 810 credetne
710 746 816 811 virum
838 750 973 811 ventura
995 769 1156 835 propage,

301 856 381 898 cum
400 837 528 920 segetes
545 834 673 920 iterum,
692 856 765 899 oum
783 835 848 898 iam
866 835 945 899 haec
963 835 1090 901 deserta
1107 838 1269 926 virebunt,

300 923 393 987 infra
416 922 515 988 urbes
536 922 740 1008 populosque
763 923 869 1008 premi
892 924 1102 1009 proavitaque
1126 930 1213 992 tosto

300 1033 383 1076 rura
404 1010 524 1076 abiisse
547 1011 651 1077 mari?
686 1012 823 1076 necdum
845 1012 942 1076 letale
965 1013 1080 1077 minari

300 1104 411 1165 cessat
433 1122 526 1184 apex.
571 1100 685 1184 procul
707 1101 771 1165 ista
792 1105 850 1166 tuo
875 1101 940 1166 sint
963 1102 1030 1166 fata
1052 1103 1145 1168 Teati
1286 1122 1321 1170 85

300 1211 366 1254 nec
387 1188 589 1254 Marrucinos
611 1193 688 1276 agat
709 1189 789 1254 haee
811 1190 936 1256 insania
958 1196 1093 1256 montes.

373 1299 460 1342 nunc
482 1277 510 1342 si
531 1277 616 1343 forte
639 1278 720 1343 meis
744 1300 825 1363 quae
849 1278 915 1344 sint
938 1279 1068 1345 exordia
1090 1282 1192 1349 musis

301 1366 391 1432 soire
414 1366 514 1451 petis,
536 1366 601 1431 iam
624 1365 774 1432 Sidonios
796 1390 925 1433 emensa
947 1368 1076 1434 labores

300 1454 449 1520 Thebais
471 1458 584 1539 optato
608 1455 740 1541 collegit
764 1456 897 1521 carbasa
919 1461 1018 1541 portu

300 1542 506 1628 Parnasique
528 1543 616 1631 iugis
638 1544 785 1628 silvaque
807 1544 997 1610 Heliconide
1019 1546 1112 1612 festis
1285 1565 1321 1615 90

301 1637 382 1697 tura
404 1632 492 1696 dedit
515 1633 654 1698 flammis
676 1639 709 1698 et
731 1633 868 1720 virginis
892 1638 967 1698 exta
989 1635 1141 1700 iuvencae

300 1720 507 1806 votiferaque
530 1742 618 1786 meas
641 1722 811 1807 suspendit
835 1722 875 1786 ab
900 1723 1014 1788 arbore
1037 1724 1145 1789 vittas.

301 1830 391 1876 nune
414 1832 531 1876 vacuos
555 1809 659 1875 crines
682 1810 746 1876 alio
770 1811 860 1876 subit
883 1811 985 1876 infula
1007 1835 1107 1878 nexu:

302 1898 403 1964 Troia
423 1899 552 1984 quidem
570 1921 771 1986 magnusque
789 1900 870 1964 mihi
889 1904 1069 1984 temptatur
1086 1900 1244 1988 Achilles,

305 1988 363 2053 sed
380 1991 474 2053 vocat
492 1988 673 2054 arcitenens
692 1989 755 2054 alio
774 1993 868 2073 pater
887 2011 1037 2074 armaque
1056 1996 1217 2056 monstrat
1285 2009 1320 2057 95

302 2077 444 2142 Ausonii
466 2076 589 2142 maiora
610 2077 708 2142 ducis.
754 2077 856 2142 trahit
878 2077 1020 2163 impetus
1042 2079 1099 2145 illo

304 2167 371 2230 iam
389 2165 516 2251 pridem
534 2166 734 2250 retrahitque
753 2166 859 2233 timor.
897 2167 1072 2232 stabuntne
1091 2169 1152 2233 sub
1171 2168 1228 2232 illa

303 2254 391 2319 mole
414 2254 518 2319 umeri
541 2277 583 2319 an
605 2277 724 2342 magno
748 2255 895 2321 vincetur
918 2256 1060 2341 pondere
1083 2255 1213 2321 cervix?

305 2343 370 2427 dio,
391 2343 558 2431 Marcelle,
580 2342 703 2409 feram?
739 2344 857 2409 fluctus
879 2367 921 2409 au
944 2348 1035 2408 sueta
1058 2344 1197 2408 minores

303 2454 401 2497 nosse
423 2431 504 2497 ratis
525 2433 669 2497 nondum
690 2431 791 2498 Ioniis
815 2432 970 2497 credenda
993 2431 1146 2517 periclis?
1267 2449 1320 2498 100

372 2521 501 2606 iamque
518 2521 590 2586 vale
608 2526 642 2586 et
659 2522 790 2606 penitus
808 2521 877 2587 voti
896 2520 958 2585 tibi
977 2521 1061 2586 vatis
1079 2520 1234 2586 honorem

304 2611 401 2675 corde
424 2610 512 2675 exire
529 2614 611 2676 veta.
653 2632 712 2675 nec
736 2610 822 2675 enim
845 2609 1035 2694 Tirynthius
1081 2636 1098 2671 a
1144 2635 1160 2670 s
1206 2635 1223 2673 s
1269 2636 1286 2674 s

305 2699 1163 2763 *ssssssssrssalmae

304 2791 421 2872 pectus
444 2787 617 2873 amicitiae;
640 2788 732 2853 cedet
754 2788 817 2854 tibi
839 2788 944 2875 gloria
966 2788 1023 2852 fidi

304 2877 457 2962 Theseos,
479 2881 513 2942 et
534 2878 676 2942 lacerum
699 2877 755 2962 qui
779 2878 863 2943 circa
884 2878 1012 2943 moenia
1034 2878 1148 2943 Troiae

304 2965 490 3031 Priamiden
513 2988 605 3031 caeso
629 2966 747 3031 solacia
769 2966 870 3031 traxit
893 2966 1004 3032 amieo.
1268 2984 1319 3032 105

379 3165 412 3213 79
430 3158 550 3214 Vesvius
569 3175 599 3218 ςε
627 3174 661 3213 ve
680 3176 746 3212 suus
836 3158 875 3213 eri
900 3159 922 3214 't
940 3176 970 3218 5:
999 3158 1089 3229 eriget
1179 3165 1213 3212 80
1231 3159 1319 3213 trina·

306 3230 372 3285 eriis
390 3231 444 3285 1¹:
461 3229 611 3284 trinacrius
680 3234 713 3283 83
732 3231 807 3284 tosto
826 3230 877 3285 Vol
888 3248 955 3287 mer:
975 3231 1049 3286 toto:
1069 3233 1148 3284 cocto
1162 3230 1317 3284 Kreteia&

303 3305 367 3356 tota
394 3301 561 3372 Graeboeper
632 3305 666 3354 85
684 3302 734 3354 tuo
762 3300 820 3354 sint
847 3302 896 3371 (cic
922 3303 980 3356 iam
1006 3303 1046 3356 ed.
1067 3301 1234 3370 Parmensis)
1257 3300 1319 3354 fate

304 3372 388 3427 Teati
405 3372 538 3441 Imhofias
555 3372 623 3441 (nisi
639 3373 709 3439 forte
726 3389 780 3427 vox
802 3372 882 3427 Teate
901 3377 934 3428 ut
951 3373 1038 3428 Reate
1059 3373 1263 3426 indeclinabilis
1281 3380 1320 3426 eet

304 3445 488 3514 tuendumque
506 3458 522 3497 e
539 3443 647 3567 mi}
664 3445 728 3497 tuos
747 3441 778 3496 in
795 3443 858 3497 fata
874 3444 964 3498 teate:
982 3442 1037 3497 tibi
1057 3441 1113 3496 sint
1135 3441 1209 3510 fata,
1231 3439 1319 3497 Teate

304 3514 494 3570 Marttoadae
564 3519 598 3568 86
648 3512 790 3568 arroeinos
810 3531 839 3574 5:
858 3511 1264 3584 maur(det.1¹)marucin0s

304 3593 338 3642 91
357 3584 493 3640 iuveneas
584 3589 634 3639 101
653 3585 726 3639 voti:
744 3585 806 3640 noti
824 3603 842 3646 ς
925 3584 1072 3640 honorem:
1091 3599 1247 3637 amoreme

304 3662 357 3712 102
375 3659 507 3713 tammam
524 3659 623 3713 statuit
635 3657 692 3711 Leo
710 3674 772 3711 cum
786 3656 970 3726 Marttaodo;
988 3658 1063 3712 locus
1079 3657 1155 3710 carie
1172 3660 1319 3724 temptatus
