3317 4434
317 413 433 467 XXVIII
682 409 806 464 Editoris
823 407 972 477 praefatio.

317 581 458 639 librarius
481 571 549 659 (0³)
573 577 686 637 scholia
708 577 868 652 adscripsit
891 581 922 635 et
943 576 1054 635 multas
1076 576 1178 635 varias
1202 574 1345 634 lectiones

318 676 442 736 addidit.
474 676 564 752 paulo
583 680 652 751 post
666 694 733 733 eum
752 677 877 749 quartus
890 675 923 731 in
937 671 1037 732 codice
1051 676 1209 750 grassatus
1225 675 1281 748 est,
1294 673 1343 747 qui

319 774 451 849 antiquis
474 772 652 832 lectionibus
675 773 767 830 ferme
791 771 883 830 erasis
907 788 975 830 suas
994 768 1204 846 undecumque
1223 770 1341 829 haustas

319 873 537 948 suprascripsit.

387 972 580 1027 correctorem
607 968 738 1042 primum
765 965 865 1024 codice
893 965 1023 1041 quodam
1049 982 1139 1024 usum
1161 983 1241 1041 esse,
1267 963 1338 1023 unde
1376 1017 1378 1026 .

320 1084 432 1126 errores
460 1069 507 1125 sat
533 1066 644 1123 multos
672 1082 745 1139 quos
772 1062 913 1122 librarius
941 1064 1133 1121 commiserat
1164 1061 1335 1135 emendaret,
1375 1037 1378 1066 ¹

320 1164 372 1224 sed
401 1182 461 1222 non
488 1163 600 1237 eodem,
627 1161 705 1220 unde
728 1161 869 1220 librarius
891 1163 1007 1219 textum
1033 1162 1278 1235 transcripserat,
1307 1175 1334 1216 eo

320 1261 472 1337 probatur,
500 1260 579 1335 quod
606 1278 665 1317 non
693 1259 791 1317 solum
815 1258 919 1317 multis
946 1257 1020 1316 locis
1048 1259 1196 1335 genuinas
1224 1257 1333 1316 reduces

320 1358 393 1417 fecit
415 1358 557 1417 lectiones
580 1376 598 1415 a
620 1356 744 1415 librario
767 1357 830 1414 sive
852 1356 1042 1433 neglegentia
1060 1357 1124 1415 sive
1141 1357 1264 1414 luscitia
1279 1372 1333 1411 mu-

320 1458 413 1530 tatas,
444 1455 495 1514 sed
525 1456 616 1512 etiam
641 1456 773 1529 integros
797 1471 899 1511 versus
927 1452 1045 1511 addidit
1071 1452 1108 1512 ab
1132 1453 1189 1512 illo
1213 1453 1332 1512 omissos.
1376 1529 1378 1534 Ι

321 1552 357 1610 de
379 1569 488 1628 magno
508 1551 624 1625 damno,
648 1551 728 1625 quod
746 1550 879 1609 versibus
905 1551 1020 1625 529sq.
1042 1549 1159 1609 iactum
1183 1553 1242 1624 est,
1265 1548 1333 1607 inira
1375 1543 1378 1614 ἓ

322 1648 478 1707 dicendum
506 1650 570 1706 erit.
621 1650 740 1723 praeter
766 1647 821 1706 hos
848 1666 950 1706 versus
980 1649 1013 1705 in
1040 1646 1223 1721 Achilleide,
1256 1663 1333 1721 quam

322 1746 416 1804 solam
448 1745 588 1803 collatam
619 1744 723 1819 habeo,
756 1747 904 1803 corrector
934 1744 981 1803 bis
1014 1743 1148 1821 singulos
1182 1743 1333 1819 supplevit:
1376 1777 1378 1788 ι

321 1841 419 1900 1338
443 1836 592 1919 (templa)
620 1859 672 1900 aec
701 1842 833 1900 iactabit·
860 1842 945 1913 famo
974 1834 1201 1920 supet<rotere>
1231 1840 1291 1899 doto
1312 1840 1335 1897 et
1374 1835 1377 1840 '

321 1940 413 1998 1128
442 1940 603 1998 Porus'mus
624 1940 750 1998 cimicia
772 1937 848 1997 betta
870 1940 911 2005 cd
934 1930 1109 2018 t<roioac>t
1129 1928 1336 2016 r<otesqac>¹)‚

324 2038 376 2113 qui
403 2055 504 2097 versus
533 2036 675 2094 facillime
701 2037 802 2111 potuit
828 2036 976 2095 transiliri
1006 2038 1131 2111 propter
1158 2036 1257 2095 simile
1284 2036 1337 2093 eius

324 2137 354 2194 et
373 2133 573 2193 antecedentis
592 2134 780 2209 principium.
818 2134 879 2191 alio
903 2135 1004 2191 autem
1027 2132 1136 2207 codice,
1159 2152 1222 2193 non
1245 2132 1339 2192 eodem

323 2250 382 2307 quo
410 2225 449 2290 0¹
480 2249 567 2290 usum
600 2249 661 2290 esse
694 2232 898 2305 correctorem,
920 2230 971 2289 vel
1000 2230 1071 2288 inde
1100 2229 1241 2305 efficitur,
1269 2227 1341 2306 quod

323 2347 425 2388 versus
443 2329 512 2387 illos
531 2346 549 2386 a
568 2327 691 2386 librario
710 2328 833 2386 omissos
852 2327 868 2384 I
883 2328 1060 2386 ose—660
1078 2326 1242 2402 supplevit.
1276 2343 1342 2404 quos

323 2428 356 2483 in
385 2426 547 2501 exemplari
573 2445 633 2484 non
660 2425 751 2483 fuisse
779 2426 893 2482 certum
922 2425 974 2484 est.
1021 2424 1128 2482 deinde
1153 2443 1223 2484 cum
1245 2425 1343 2484 multis

323 2523 396 2581 locis
411 2522 539 2599 genuina
556 2523 741 2581 revocaverit
759 2524 790 2580 et
807 2521 959 2581 nonnullis
978 2521 1060 2596 locis,
1077 2521 1133 2580 ubi
1149 2522 1344 2598 interpolatos

323 2619 464 2678 lectiones
487 2618 627 2677 librarius
649 2619 860 2693 inculcaverat,
883 2638 943 2677 non
961 2636 1014 2677 suo
1033 2617 1130 2677 Marte
1151 2624 1345 2679 correctorem

325 2718 420 2792 egisse
440 2716 563 2790 eluceat,
581 2714 660 2773 idern
679 2715 896 2792 comprobatur.
929 2715 973 2773 nil
987 2734 1066 2773 nunc
1079 2714 1145 2774 dico
1166 2715 1204 2775 de
1223 2717 1345 2795 singulis

324 2812 466 2885 versibus,
485 2830 558 2886 quos
577 2816 725 2871 corrector
742 2811 867 2887 addidit,
886 2812 938 2872 sed
960 2812 1038 2870 unde
1061 2816 1194 2871 sumeret
1218 2816 1344 2892 genuina

324 2910 383 2968 nisi
407 2928 442 2966 er
465 2909 564 2968 codice
587 2909 688 2983 aliquo
710 2910 757 2969 his
780 2909 867 2968 locis:

391 3006 489 3064 1413
514 3004 592 3064 Aere
613 3010 720 3065 socom
742 3010 843 3078 deame
866 2999 917 3065 0¹:
945 3004 1028 3066 Aera
1054 3007 1155 3065 mmor
1186 3010 1291 3068 temese
1313 2998 1345 3067 θ’

391 3102 490 3160 1434
513 3104 661 3161 humectio
685 3096 736 3162 01:
758 3104 883 3162 turadia
907 3095 982 3183 0²²)

391 3200 423 3258 H
443 3201 483 3258 13
507 3198 667 3273 Aequores
691 3194 742 3260 0²:
765 3201 817 3259 ubi
840 3196 910 3260 eib’
934 3202 1131 3276 supracripsit
1155 3194 1233 3282 0²³)

392 3298 483 3356 1165
513 3299 604 3370 captis
630 3296 714 3356 ittam
740 3300 808 3355 tarso
836 3300 946 3357 devehat
967 3301 1048 3371 orcis
1071 3281 1124 3356 01⁸:
1148 3299 1168 3356 t
1188 3304 1289 3373 coptos
1309 3297 1344 3357 od

320 3413 464 3469 porcam
487 3396 598 3453 develat
618 3412 705 3469 orcos
729 3387 768 3454 0²

398 3532 424 3597 1)
455 3545 527 3597 quae
556 3528 636 3581 uncis
666 3527 763 3581 fractis
795 3499 980 3593 circumdedi,
1009 3545 1073 3581 cum
1100 3529 1233 3598 margine
1260 3542 1340 3584 recisa

326 3608 476 3673 perierunt.

398 3691 425 3754 2)
444 3686 478 3740 cf.
499 3686 573 3739 infra
590 3704 617 3755 p.
632 3685 754 3740 XXXIII.

399 3769 425 3832 3)
445 3766 543 3819 debuit
561 3781 628 3819 sane
647 3767 741 3834 -rct’q,
