3317 4434
319 439 363 502 84
672 437 703 493 P.
721 436 844 490 PAPINI
863 436 981 491 sanun

319 584 372 646 hic
394 604 531 666 puerum
554 582 702 668 egregiae
724 582 924 666 praeclarum
946 582 1049 646 sidere
1071 582 1194 647 formae
1226 638 1229 644 .

320 671 424 755 ipsius
446 674 521 735 ante
544 670 595 735 dei
617 671 782 735 ludentem
805 670 965 755 conspicit
987 694 1066 735 aras

321 782 357 824 ac
379 759 520 844 primum
543 759 652 824 subita
674 759 808 843 paulum
831 760 966 843 decepta
988 760 1093 846 figura

318 852 469 913 natorum
493 848 530 912 de
554 848 651 932 plebe
673 852 782 933 putat3
805 849 861 913 sed
883 871 949 913 non
972 853 1041 913 erat
1063 849 1111 914 illi

319 959 412 1002 arcus
435 942 468 1002 et
490 960 530 1002 ex
553 937 672 1002 umeris
694 937 802 1002 nullae
824 937 1028 1022 fulgentibus
1050 938 1193 1003 umbrae.
1290 954 1318 1002 ee

321 1026 458 1091 miratur
479 1026 603 1110 puerile
627 1027 722 1091 decus
744 1026 935 1109 vultumque
958 1048 1129 1111 comasque

322 1114 481 1200 aspiciens
504 1115 592 1180 ‘tune
615 1114 787 1179 Ausonias'
811 1115 858 1179 ait
881 1115 957 1179 ‘ibis
980 1115 1020 1179 ad
1042 1137 1145 1201 arces,

324 1204 491 1291 neglectus
514 1202 654 1269 Veneri?
691 1207 728 1267 tu
751 1203 879 1268 sordida
901 1207 988 1268 tecta
1010 1204 1187 1290 iugumque

322 1293 445 1358 servitii
467 1293 599 1379 vulgare
623 1292 728 1356 feres?
764 1292 878 1376 procul
901 1291 1001 1356 absit:
1038 1314 1098 1379 ego
1122 1293 1191 1378 isti,
1314 1318 1317 1324 ¹

322 1405 417 1466 quem
425 1382 551 1464 meruit,
561 1383 682 1446 formae
693 1381 858 1445 dominum
873 1381 965 1447 dabo.
984 1381 1063 1445 vade
1073 1404 1133 1468 age
1144 1403 1275 1466 mecum,
1288 1395 1316 1444 35

320 1472 413 1556 vade,
437 1493 530 1555 puer:
568 1470 680 1534 ducam
702 1469 826 1534 volucri
850 1493 908 1554 per
932 1470 1035 1535 sidera
1058 1492 1156 1535 curru

320 1560 440 1624 donum
463 1560 601 1624 immane
625 1559 711 1643 duci3
733 1580 792 1623 neo
815 1563 848 1623 te
871 1559 1000 1643 plebeia
1022 1560 1201 1625 manebunt
1264 1591 1266 1595 ·

320 1649 404 1712 iura:
439 1648 587 1714 Palatino
610 1648 751 1713 famulus
774 1647 902 1712 deberis
924 1648 1034 1713 amori.

317 1737 366 1800 nil
389 1758 464 1822 ego,
485 1737 545 1822 nil,
567 1740 686 1822 fateor,
709 1740 780 1801 toto
803 1739 871 1801 tam
895 1736 985 1802 dulce
1008 1737 1069 1802 sub
1093 1737 1172 1802 orbe

318 1829 376 1889 aut
397 1824 464 1889 vidi
486 1830 542 1890 aut
564 1826 670 1912 genui.
715 1826 807 1890 cedet
830 1825 893 1890 tibi
916 1825 1061 1890 Latmius
1084 1827 1170 1891 ultro
1288 1840 1316 1888 4⁰

320 1913 557 2000 Sangariusque
580 1937 662 1998 puer
685 1936 844 2000 quemque
868 1914 960 1978 irrita
982 1915 1083 1979 fontis
1105 1914 1214 2003 imago

319 2007 353 2067 et
376 2002 497 2067 sterilis
523 2004 723 2087 consumpsit
746 2024 845 2068 amor.
885 2007 919 2068 te
942 2005 1068 2068 caenrla
1090 2003 1171 2070 Nais

320 2091 432 2156 mallet
455 2096 489 2156 et
511 2091 668 2175 adprensa
691 2093 843 2157 traxisset
865 2091 982 2157 fortius
1005 2115 1093 2157 urna

319 2185 368 2266 tu,
391 2203 486 2265 puer,
508 2184 583 2245 ante
607 2180 723 2265 omnis3
746 2181 833 2246 solus
856 2181 1027 2246 formosior
1048 2181 1117 2265 ille,

320 2269 371 2334 cui
390 2269 538 2335 daberis?
575 2269 621 2334 sic
640 2291 712 2334 orsa
730 2269 816 2334 leves
835 2291 942 2334 secum
960 2270 1032 2354 ipsa
1050 2292 1109 2354 per
1127 2293 1221 2336 auras
1288 2284 1315 2333 45

319 2358 409 2423 tollit
431 2359 618 2443 olorinaque
641 2358 734 2422 iubet
757 2357 922 2423 considere
945 2358 1031 2445 biga.

318 2469 379 2512 nee
401 2470 498 2512 mora.
543 2449 609 2513 iam
630 2447 716 2512 Latii
739 2450 866 2512 montes
888 2447 1070 2532 veterisque
1093 2453 1227 2532 penates

320 2537 478 2621 Euandri,
502 2559 582 2621 quos
604 2537 689 2601 mole
711 2559 794 2601 nova
817 2539 911 2620 pater
933 2536 1064 2602 inolitus
1087 2536 1177 2602 orbis

320 2625 440 2689 excolit
462 2629 496 2689 et
519 2625 651 2690 summis
674 2629 791 2709 aequat
814 2624 1021 2690 Germanicus
1044 2625 1149 2691 astris.

320 2717 397 2776 tunc
420 2714 554 2796 propior
575 2714 640 2777 iam
664 2736 739 2778 cura
762 2714 852 2800 deae,
875 2736 957 2798 quae
979 2715 1082 2779 forma
1105 2714 1232 2800 capillis
1288 2725 1315 2774 eo

322 2801 460 2886 optima,
483 2824 564 2886 quae
586 2803 686 2866 vestis
710 2825 818 2867 roseos
843 2804 1014 2868 accendere
1035 2802 1146 2869 vultus

320 2894 411 2975 apta,
435 2891 520 2973 quod
542 2890 577 2954 in
600 2890 725 2978 digitis,
749 2891 831 2956 eollo
856 2892 942 2975 quod
965 2891 1094 2979 dignius
1116 2914 1238 2957 aurum.

320 2983 415 3043 norat
437 2979 584 3044 caelestis
608 2980 717 3044 oculos
741 2980 830 3044 ducis
852 2980 987 3065 ipsaque
1010 2981 1119 3046 taedas

321 3066 469 3132 iunxerat
492 3071 525 3132 et
548 3069 644 3152 plena
667 3069 798 3133 dederat
821 3069 959 3134 conubia
983 3070 1107 3134 dextra:

321 3156 367 3220 sie
390 3161 483 3221 ornat
505 3157 622 3244 crines,
645 3158 760 3243 Tyrios
783 3158 829 3223 sic
851 3158 959 3223 fundit
981 3158 1130 3243 amictus,
1240 3235 1242 3239 ⁸
1285 3162 1312 3214 55

321 3245 376 3309 dat
398 3246 503 3310 radios
526 3247 698 3334 ignemque
722 3271 824 3312 suum.
870 3269 993 3313 cessere
1015 3246 1141 3332 priores

321 3334 451 3398 deliciae
474 3337 694 3420 famulumque
718 3358 846 3422 greges3
868 3337 921 3401 hic
944 3336 1060 3421 pocula
1082 3356 1201 3422 magno
1288 3340 1294 3351 '

321 3487 531 3496 -—-——-

391 3588 425 3635 26
445 3582 574 3652 egregiae
594 3599 622 3640 s:
641 3581 753 3651 egregie
839 3589 873 3638 34
890 3583 988 3652 procul
1007 3600 1036 3643 ςε
1055 3583 1153 3654 procul
1189 3577 1261 3636 rocnl

321 3656 354 3704 39
373 3655 433 3706 tam
452 3670 478 3712 5:
500 3653 557 3706 iam
629 3653 775 3708 recedet:
795 3655 878 3709 cedat
897 3672 914 3714 ς
984 3654 1111 3709 Latmius
1130 3672 1157 3711 er
1170 3601 1260 3709 lamus
1282 3714 1287 3725 Ι
1308 3693 1311 3704 .

321 3728 354 3776 47
373 3724 532 3792 veterisque
549 3725 697 3779 Boethius:
716 3727 891 3794 veteresque,
987 3730 1020 3780 48
1038 3725 1150 3780 Euandi
1237 3718 1308 3776 orba:

321 3793 433 3852 urbiss
505 3801 538 3847 57
557 3811 670 3866 gregres
