3317 4434
325 435 387 499 118
496 435 526 491 P.
543 434 668 519 elem
686 434 803 488 solen
821 433 1007 489 sovices
1025 435 1055 489 o.
1071 435 1118 503 iv,
1135 441 1162 488 o.

410 580 462 643 vel
483 601 615 663 pessum
637 579 769 662 psithiis
792 579 858 644 suis
881 583 1051 661 recoctum,

411 667 496 732 dulci
519 667 645 732 defruta
667 668 719 732 vel
741 667 848 732 lutosa
871 667 991 732 oceno?

410 759 565 840 quantum
587 778 646 820 nec
669 756 743 820 dare
767 777 875 820 cereos
897 756 1036 842 olentes,

412 844 578 909 cultellum
601 849 752 908 tenuesve
775 843 962 909 codicillos?

411 932 539 1017 ollares,
560 955 655 1019 rogo,
677 955 742 998 non
763 933 884 997 licebat
906 955 997 1018 uvas,

411 1020 553 1087 Cumano
575 1021 705 1105 polinas
726 1021 760 1086 in
783 1021 862 1086 orbe
885 1025 988 1086 tortos

410 1114 466 1175 aut
489 1133 585 1175 unam
608 1110 683 1174 dere
706 1110 875 1193 synthesin
897 1148 941 1156 -
964 1110 1042 1194 quid
1063 1110 1202 1176 horres?
1225 1151 1270 1159 —

411 1199 559 1264 alborum
582 1198 716 1263 calicum
738 1202 835 1282 cique
859 1198 1090 1263 caccaborum?
1299 1218 1327 1264 45

409 1287 465 1351 sed
487 1290 574 1352 certa
597 1287 686 1351 velut
707 1308 831 1370 aequus
854 1286 889 1350 in
912 1291 1047 1371 statere,

408 1375 456 1440 nil
478 1380 597 1454 mulas,
619 1375 675 1439 sed
697 1375 782 1439 idem
805 1374 886 1439 mihi
908 1375 1067 1459 rependis.

409 1463 486 1548 quid
508 1463 549 1550 si,
571 1485 644 1528 cum
663 1464 745 1527 bene
768 1485 863 1528 mane
885 1464 1082 1528 semicrudus

325 1618 327 1623 ,
408 1551 541 1616 inlatam
564 1552 626 1616 cibi
650 1552 759 1616 dixero
783 1552 933 1639 salutem,

409 1644 441 1704 et
463 1644 500 1726 lu
523 1662 574 1704 me
596 1639 722 1705 vicibus
745 1640 831 1705 domi
855 1641 996 1706 salutes?

408 1732 476 1812 aul,
498 1750 571 1793 cum
593 1751 644 1794 me
667 1728 749 1813 depe
771 1728 890 1793 iuveris
913 1729 1035 1812 opima,

408 1821 558 1900 expectes
581 1817 702 1883 similes
725 1822 758 1882 el
781 1818 851 1901 ipse
875 1818 991 1882 cenas?

407 1904 526 1970 irascor
548 1905 625 1992 cibi,
648 1906 765 1990 Grypo.
808 1906 863 1970 sed
885 1906 1021 1990 valebis3
1037 1914 1056 1947 ⁰

407 1998 534 2058 tantum
556 2017 597 2059 ne
619 1995 713 2080 mihi,
736 2017 799 2079 quo
823 1995 907 2059 soles
929 1995 1054 2080 lepore,
1119 1997 1122 2003 ’
1355 2050 1357 2071 ,

407 2086 440 2146 et
462 2105 547 2148 nunc
569 2083 855 2167 hendecasyllabos
878 2083 1032 2148 remittas.
1289 2099 1314 2146 55

391 2281 424 2329 38
443 2275 500 2330 suis
518 2276 669 2332 Acontius:
688 2275 751 2331 uvis
768 2278 810 2332 ocl
827 2275 891 2330 unis
963 2281 996 2330 39
1017 2275 1129 2331 defruto
1147 2293 1177 2336 5:
1200 2276 1312 2332 defructu

390 2352 425 2400 40
443 2364 506 2401 nee:
525 2348 604 2402 velo
683 2354 716 2402 41
736 2345 878 2402 cutellum
939 2351 974 2401 43
993 2345 1035 2403 in:
1058 2346 1105 2402 vol
1123 2347 1256 2404 Heinsio

320 2423 353 2470 49
372 2418 504 2473 Iniciam:
523 2418 633 2472 illotcm
651 2418 800 2475 Scriverius
858 2416 954 2472 dixero
974 2434 1003 2477 ςε
1023 2416 1118 2472 dixero
1191 2424 1225 2475 54
1241 2434 1272 2472 nc
1288 2431 1310 2474 ςι

320 2504 363 2541 me
417 2505 472 2557 quo
492 2491 530 2559 (ς)
550 2489 622 2544 soles
640 2488 734 2560 lepore
755 2507 780 2545 c:
799 2490 875 2558 quod
894 2487 967 2543 soles
985 2487 1074 2560 lepori

390 2561 1308 2629 e·rsem·scscn·smvssvu·1.mnlnn·nm1c1¹c·mcc·

319 2647 362 2680 LIB
378 2660 383 2670 ·
398 2648 435 2681 v·
