3317 4434
258 440 260 444 ’
324 441 386 506 128
672 441 704 498 Ρ.
721 440 845 494 elenu
864 439 981 494 sanun

322 586 505 670 invasitque
528 585 604 670 vias,
627 585 662 649 in
684 585 797 649 eodem
819 589 958 670 angusta
981 585 1131 665 phaselos
1277 603 1319 651 alc

320 697 459 759 aequore
483 678 515 738 et
538 673 686 738 immensi
709 677 836 757 partem
859 673 923 738 sibi
946 673 1087 739 vindicat
1109 675 1220 740 austri.

387 763 464 847 quid
481 784 567 827 nunc
584 762 780 846 immodicos,
798 762 950 826 iuvenum
968 762 1152 848 lectissime,
1169 764 1264 828 fletus

319 852 414 916 eorde
436 853 526 917 loves
547 852 744 937 longumque
766 855 857 915 vetes
881 850 968 916 exire
991 851 1156 917 dolorem?

319 963 436 1024 nempe
458 940 562 1026 times,
584 961 625 1004 ne
649 938 823 1005 Cerbereos
845 939 992 1005 Priscilla
1015 943 1187 1006 tremescat

320 1030 478 1095 latratus?
514 1032 599 1093 tacet
621 1027 677 1092 ille
699 1028 775 1113 piis!
811 1051 852 1093 ne
875 1028 998 1094 tardior
1019 1029 1104 1093 adsit
1274 1043 1313 1093 ato

320 1117 430 1182 navita
452 1118 687 1202 proturbetque
710 1116 822 1182 vadis?
858 1117 948 1182 vehit
971 1117 1026 1182 ille
1049 1122 1210 1183 merentes

318 1206 468 1291 protinus
491 1210 523 1270 et
546 1227 655 1270 manes
677 1204 823 1288 placidus
844 1206 930 1271 locat
952 1205 1082 1291 hospite
1105 1207 1230 1272 cumba.

319 1299 501 1380 praeterea,
524 1295 552 1359 si
576 1293 703 1378 quando
726 1293 781 1377 pio
803 1294 933 1359 laudata
955 1294 1073 1360 marito

319 1385 436 1448 umbra
458 1383 560 1466 venit,
582 1383 674 1447 iubet
696 1382 743 1446 ire
766 1383 852 1447 faces
874 1382 1068 1466 Proserpina
1090 1384 1192 1448 laetas

321 1494 529 1558 egressasque
552 1470 650 1535 sacris
673 1475 796 1535 veteres
819 1471 967 1536 heroidas
990 1471 1090 1536 antris
1271 1483 1309 1534 au

319 1561 441 1625 lumine
464 1581 628 1644 purpureo
651 1559 761 1624 tristes
782 1559 892 1624 laxare
915 1560 1065 1625 tenebras

321 1654 470 1733 sertaque
493 1652 526 1713 et
548 1646 677 1732 Elysios
700 1648 824 1712 animae
848 1653 1069 1732 praesternere
1090 1650 1195 1716 flores.

320 1738 367 1801 sie
390 1759 499 1801 manes
521 1736 669 1802 Priscilla
691 1737 793 1822 subit3
816 1737 865 1802 ibi
888 1737 1034 1821 supplice
1058 1738 1171 1804 dextra

320 1847 380 1909 pro
404 1830 436 1889 te
459 1825 540 1890 Fata
562 1830 669 1912 rogat,
690 1848 783 1912 reges
807 1826 870 1890 tibi
893 1825 997 1891 tristis
1019 1825 1140 1892 Averni

321 1915 442 2000 placat,
466 1918 503 1978 ut
526 1914 664 1998 expletis
687 1914 818 1979 humani
841 1915 962 1979 finibus
985 1915 1054 1980 aevi
1271 1925 1308 1978 πω

320 2007 491 2087 paeantem
513 2007 615 2068 terras
638 2003 803 2068 dominum
826 2003 1037 2088 iuvenemque
1059 2004 1223 2089 relinquas

320 2091 391 2175 ipse
415 2093 527 2156 senex!
563 2095 668 2156 certae
691 2092 799 2156 iurant
822 2092 855 2155 in
879 2097 954 2156 vota
976 2115 1110 2158 sorores.

807 2339 847 2404 Π.

472 2479 613 2533 LAUDES
632 2478 786 2534 CRISPINI
803 2477 915 2532 VETTI
932 2478 1069 2533 BOLANI
1086 2480 1178 2535 FILII.

387 2605 475 2670 Rure
497 2628 588 2669 meus
610 2605 776 2689 Tyrrhena
798 2604 883 2688 petit
906 2605 1071 2690 saltusque
1094 2607 1224 2694 Tagetis

322 2691 503 2777 Crispinum
525 2716 585 2758 nec
606 2694 705 2779 longa
727 2716 817 2757 mora
841 2698 890 2758 est
913 2699 970 2759 aut
993 2694 1064 2758 avia
1085 2695 1197 2782 tellus,

321 2781 377 2844 sed
400 2803 470 2845 mea
493 2785 614 2846 secreto
637 2782 800 2846 velluntur
822 2786 955 2865 pectora
978 2804 1100 2869 morsu,

321 2869 447 2953 udaque
470 2873 636 2956 turgentes
658 2870 832 2954 impellunt
854 2871 976 2936 lumina
998 2875 1125 2958 guttas,

322 2979 380 3021 eeu
403 2980 500 3041 super
522 2958 667 3044 Aegaeas
689 2959 811 3023 hiemes
834 2959 983 3024 abeuntis
1007 2960 1100 3025 amici
1298 2965 1309 3013 ⁵
1348 3004 1352 3037 ,

322 3046 393 3110 vela
412 3069 527 3130 sequar
545 3050 750 3131 spectemque
769 3053 871 3112 ratem
890 3048 954 3112 iem
973 3050 1077 3113 fessus
1095 3050 1137 3114 ab
1157 3050 1231 3114 altis
1348 3070 1351 3081 ·

323 3134 459 3218 rupibus
481 3141 577 3220 atque
602 3136 710 3201 oeulos
732 3137 832 3222 longo
856 3159 971 3220 querar
993 3159 1064 3202 aere
1086 3137 1180 3203 vinci.

390 3223 488 3307 quid?
524 3225 551 3288 si
574 3224 708 3290 militiae
731 3225 795 3288 iam
818 3229 864 3308 te,
887 3248 968 3309 puer
990 3225 1113 3310 inclite,
1136 3226 1256 3311 primae

322 3313 407 3408 clare
430 3313 610 3377 rudimenta
633 3318 665 3377 et
688 3318 866 3378 castrorum
890 3313 980 3378 dulce
1003 3318 1133 3379 vocaret

394 3511 444 3558 245
463 3504 504 3559 in:
524 3506 548 3558 it
563 3507 708 3560 Gevartiue
761 3509 883 3574 angusta
902 3524 930 3566 ςι
950 3510 1071 3571 augusta
1143 3513 1196 3562 252
1214 3503 1310 3562 cumba:

321 3575 385 3644 ripa
402 3578 588 3631 Marmarides
659 3581 710 3629 255
729 3575 859 3630 heroidas
879 3595 909 3637 ςι
929 3576 1038 3632 eoridas
1111 3583 1161 3632 261
1181 3577 1311 3649 paemen

322 3649 474 3703 Acontius:
494 3648 656 3701 Placentem
728 3652 778 3700 262
798 3653 903 3704 certae:
922 3650 1019 3702 ternae
1037 3648 1185 3706 Nodelliue

393 3718 425 3771 11.
446 3724 461 3770 3
477 3718 526 3772 sed
546 3718 712 3788 Gronovius:
730 3717 767 3771 Et
820 3721 960 3790 4guttas:
978 3721 1078 3790 guttae
1091 3720 1273 3778 Mamaeae

324 3793 339 3840 7
358 3787 442 3858 longo
462 3806 490 3847 ςε
510 3788 613 3857 longon
