3317 4434
320 439 361 502 88
669 435 702 490 r.
721 435 844 490 PAPINI
863 435 981 490 suurn

321 589 354 648 te
377 587 506 647 tantum
528 581 679 646 miserata
702 581 798 665 dedit,
821 581 994 665 superique
1017 586 1169 666 potentes

320 672 476 736 invidiam
499 671 635 735 timuere
658 674 756 734 tuam.
801 674 878 754 post
901 670 964 734 ista
986 671 1205 756 propinquum

319 760 486 826 nunciter
505 759 728 844 optandosque
748 759 836 823 sinus
855 781 961 824 comes
979 759 1026 824 ire
1045 760 1203 825 moraris?

319 850 383 914 heu
404 849 463 914 ubi
485 853 564 914 nota
586 848 665 912 fides
687 852 801 931 totque
824 848 994 932 explorata
1016 871 1075 933 per
1097 870 1189 934 usus,

321 961 384 1022 qua
406 942 544 1021 veteres,
565 937 675 1001 Latias
698 936 825 1020 Graias,
848 937 996 1001 heroidas
1019 940 1161 1022 aequas?
1294 957 1324 1004 45

320 1029 399 1091 isset
417 1027 457 1090 ad
474 1025 589 1090 Iliacas
611 1063 647 1072 —
670 1025 748 1110 quid
767 1025 852 1089 enim
872 1025 1012 1090 deterret
1031 1029 1199 1092 amantes?
1217 1067 1261 1075 -

319 1116 483 1200 Penelope
506 1115 617 1202 gavisa
639 1114 765 1198 domos,
788 1114 814 1178 si
839 1136 953 1198 passus
976 1115 1103 1200 Ulixes3

321 1209 434 1288 questa
452 1208 502 1268 est
520 1203 670 1290 Aegiale,
694 1206 807 1286 questa
826 1207 876 1267 est
893 1203 1055 1268 Meliboea
1072 1205 1227 1290 relinqui,

320 1299 354 1357 et
369 1315 465 1378 quam
476 1315 625 1376 —quam
640 1291 739 1356 saevi!
750 1291 948 1356 —fecerunt
966 1293 1121 1357 maenada
1135 1295 1291 1378 planctus.

320 1405 380 1446 nec
402 1382 508 1447 minor
530 1380 583 1445 his
606 1384 643 1444 tu
664 1402 759 1445 nosse
781 1380 877 1443 fidem
895 1381 1059 1465 vitamque
1082 1383 1209 1448 maritis
1294 1401 1321 1448 50

321 1471 443 1535 dedere.
485 1470 531 1534 sic
554 1473 640 1533 certe
664 1468 786 1533 cineres
807 1470 1019 1554 umbramque
1042 1470 1184 1555 priorem

322 1559 450 1643 quaeris
473 1559 589 1642 adhuc,
613 1557 659 1622 sic
682 1557 835 1641 exequias
857 1559 1007 1642 amplexa
1030 1559 1138 1625 canori

321 1648 467 1733 coniugis
488 1647 637 1733 ingentes
659 1646 784 1711 iterasti
807 1651 938 1730 pectore
961 1648 1120 1734 planctus,

320 1738 385 1800 iam
403 1758 482 1801 mea.
514 1757 573 1800 nec
591 1735 697 1820 pietas
715 1735 778 1800 alia
797 1739 847 1799 est
865 1735 928 1800 tibi
951 1759 1090 1822 curaque
1107 1742 1212 1824 natae,

321 1826 367 1889 sic
390 1829 424 1889 et
445 1829 549 1889 mater
571 1847 673 1908 amas,
695 1824 741 1889 sic
762 1846 939 1908 numquam
962 1826 1055 1891 corde
1078 1827 1200 1891 recedit
1291 1843 1317 1890 55

321 1918 398 1978 nata
421 1919 488 1999 tuo,
509 1914 672 1997 fixamque
695 1913 794 1977 animi
817 1913 1040 1996 penetralibus
1063 1914 1137 1979 imis

320 2007 415 2068 nocte
439 2002 553 2086 dieque
576 2007 674 2067 tenes.
719 2024 785 2066 non
808 2002 855 2066 sic
877 2002 1047 2068 Trachinia
1068 2003 1164 2069 nidos

321 2091 479 2176 Alcyone,
502 2113 618 2155 vernos
640 2112 706 2154 non
729 2091 774 2154 sic
797 2090 976 2156 Philomela
998 2097 1134 2175 penates

323 2180 469 2245 circumit
487 2179 685 2264 amplectens
704 2180 907 2264 animamque
925 2180 959 2244 in
978 2181 1116 2267 pignora
1135 2183 1287 2248 transfert.
1357 2216 1359 2221 ·

324 2274 356 2334 et
378 2291 464 2333 nunc
487 2269 543 2333 illa
567 2272 664 2354 tenet,
687 2267 782 2332 viduo
808 2269 893 2351 quod
916 2269 984 2333 sola
1006 2270 1106 2335 cubili
1290 2286 1315 2333 ec

324 2359 391 2422 otia
413 2359 477 2421 iam
500 2357 654 2442 pulchrae
677 2357 755 2421 terit
778 2357 948 2421 infecunda
970 2358 1128 2425 iuventae.

321 2449 377 2512 sed
399 2447 544 2531 venient,
567 2446 673 2530 plenis
696 2445 826 2510 venient
849 2446 987 2510 conubia
1010 2447 1120 2513 taedis.

322 2537 368 2605 sic
391 2541 476 2600 certe
500 2537 684 2618 formaeque
708 2535 803 2599 bonis
826 2535 988 2619 animique
1011 2541 1169 2623 meretur3

322 2625 389 2689 sive
412 2624 527 2706 chelyn
551 2624 719 2706 complexa
741 2623 827 2706 petit
851 2645 906 2688 seu
929 2646 1007 2689 voce
1029 2631 1165 2709 paterna

322 2713 507 2776 discendum
529 2712 631 2776 Musis
654 2716 748 2776 sonat
771 2716 804 2775 et
826 2735 897 2776 mea
920 2713 1061 2778 carmina
1083 2715 1199 2802 flectit,
1289 2723 1313 2774 st

323 2800 456 2865 candida
479 2822 535 2864 seu
558 2800 648 2864 molli
672 2800 793 2864 diducit
816 2801 949 2865 brachia
971 2806 1075 2867 motu:

322 2889 489 2976 ingenium
511 2888 660 2971 probitas
684 2894 849 2972 artemque
872 2881 1030 2955 modestia
1051 2892 1162 2958 vincit.

321 3000 427 3043 nonne
450 2979 537 3041 leves
559 2999 690 3062 pueros„
712 3000 778 3042 non
801 2982 848 3063 te,
873 2977 1045 3065 Cytherea,
1068 2982 1207 3065 pudebit

322 3134 351 3141 ..-

393 3230 427 3277 45
447 3223 553 3294 graias:
574 3222 759 3292 Graiaeque&
832 3230 866 3278 46
885 3224 987 3280 Iliacas
1002 3243 1031 3286 ςε
1050 3225 1150 3282 iliacos
1222 3234 1254 3283 48
1269 3222 1313 3278 Me·
1357 3268 1359 3289 ,

323 3295 417 3349 liboea
441 3313 469 3353 ςε
496 3294 613 3349 melibia
736 3302 769 3349 49
794 3313 879 3363 quam
897 3328 932 3336 -
951 3314 1037 3365 quam
1055 3296 1143 3352 saevi!
1163 3331 1198 3340 -
1215 3295 1313 3355 Politic-

321 3385 387 3422 aas:
413 3382 584 3435 quamquam
603 3366 681 3420 saevi
709 3369 818 3436 (miram
836 3369 869 3421 ia
886 3369 995 3423 modum
1016 3371 1060 3424 hic
1078 3369 1154 3425 locus
1171 3363 1313 3426 conectet
1357 3406 1359 3415 .

322 3445 467 3508 temptatas
494 3443 542 3507 eat)
649 3443 684 3491 50
706 3437 852 3505 vitamque
875 3456 904 3496 ςε
936 3438 1112 3508 victamque:
1143 3439 1313 3505 invictamque

322 3511 463 3564 Baehrens
549 3513 582 3562 55
602 3509 684 3562 corde
703 3507 810 3562 recedit
826 3509 880 3563 11¹:
899 3509 1005 3564 recedit
1024 3511 1108 3566 corde
1197 3517 1230 3567 56
1246 3517 1313 3583 pent

325 3579 474 3634 trabilibus
547 3585 580 3633 57
600 3578 751 3633 Trachinia
770 3596 799 3638 3:
818 3578 939 3635 intracia
1015 3587 1048 3636 58
1066 3599 1168 3638 vernos
1186 3600 1216 3643 s:
1232 3586 1313 3637 nerv0⁸

395 3649 561 3720 philomelia
633 3655 667 3702 60
685 3652 774 3703 tenet:
794 3654 873 3723 tepet
890 3653 1031 3708 Baehrens
1100 3653 1219 3708 viduum
1234 3683 1265 3696 -
1278 3661 1313 3702 ⁰¹1·

322 3722 381 3776 bile
399 3724 546 3778 Gevarttas
623 3727 655 3774 61
674 3720 744 3776 iam:
763 3725 822 3776 tam
842 3724 1000 3778 Politiaaua
1086 3730 1120 3778 63
1140 3723 1275 3794 animique
1290 3732 1313 3775 5²

324 3792 489 3861 animaeque
580 3798 613 3845 64
631 3791 716 3862 petit:
745 3792 811 3847 ferit
828 3794 1014 3864 Peyraredas:
1043 3795 1139 3864 quatit
1157 3797 1259 3854 Walter
