3317 4434
631 459 815 515 snvnaou
834 460 863 514 u.
878 459 924 528 ru,
939 466 963 515 s.

290 603 418 668 Invidia
440 608 537 688 atque
560 604 624 668 alio
647 603 781 668 liventia
802 608 935 687 pectora
957 604 1078 668 flectat:

290 693 343 757 his
368 693 493 757 senium
515 693 695 779 longaeque
719 693 815 757 decus
838 691 968 756 virtutis
990 696 1023 756 et
1045 693 1120 757 alba

289 780 435 865 Atropos
458 785 491 846 et
512 781 639 866 patrius
660 781 769 845 laurus
792 781 943 865 promisit
964 779 1092 864 Apollo.

290 892 370 957 ergo
393 870 480 954 quod
501 868 663 934 Ausoniae
686 874 780 953 pater
802 869 1049 956 augustissimus
1067 871 1158 935 urbis
1265 891 1298 938 uo

289 960 341 1023 ius
365 958 429 1023 tibi
451 958 649 1045 tergeminae
672 959 803 1023 dederat
824 958 976 1022 laetabile
998 958 1108 1042 prolis,

289 1070 385 1112 omen
408 1051 485 1111 erat.
529 1047 619 1111 venit
641 1047 762 1112 totiens
784 1047 906 1111 Lucina
928 1047 1082 1131 piumque

288 1135 424 1200 intravit
446 1135 586 1220 repetita
607 1135 715 1200 larem.
762 1135 808 1199 sio
830 1135 961 1220 fertilis,
984 1158 1054 1219 oro,

287 1228 354 1289 stet
378 1225 492 1288 domus
514 1228 548 1289 et
570 1224 663 1288 donis
684 1246 862 1308 numquam
885 1229 1009 1289 mutata
1031 1224 1170 1290 seeretis.

288 1317 403 1399 macte,
427 1313 513 1397 quod
536 1316 569 1378 et
590 1313 701 1398 proles
723 1312 786 1377 tibi
809 1313 938 1397 saepius
961 1317 1055 1377 auota
1079 1312 1165 1378 virili
1263 1333 1296 1380 ao

286 1401 419 1486 robore,
442 1401 498 1466 sed
520 1402 628 1466 iuveni
650 1401 799 1466 laetanda
822 1406 856 1466 et
878 1402 969 1488 virgo
993 1402 1121 1485 parenti

288 1529 332 1535 —
356 1489 464 1573 aptior
484 1491 537 1555 his
558 1490 675 1576 virtus,
698 1490 793 1554 eitius
816 1490 907 1554 dabit
929 1490 986 1554 illa
1007 1495 1142 1574 nepotes
1166 1530 1217 1578 —,

287 1578 393 1662 qualis
416 1578 570 1644 maternis
591 1578 715 1643 Helene
737 1579 802 1643 iam
825 1579 923 1666 digna
945 1579 1114 1662 palaestris

286 1669 374 1732 inter
395 1666 587 1752 Amyolaeos
609 1668 761 1751 reptabat
784 1667 917 1732 eandida
939 1669 1075 1752 fratres,

287 1756 340 1820 vel
364 1756 468 1840 qualis
490 1756 569 1822 oaeli
592 1756 704 1841 facies,
726 1756 784 1820 ubi
806 1760 901 1820 noete
924 1779 1035 1820 serena
1263 1775 1296 1824 30

263 1842 459 1909 ‘admovere
481 1845 576 1910 iubar
598 1844 721 1909 mediae
745 1845 808 1909 duo
832 1845 936 1908 sidera
959 1845 1061 1909 lunae.

355 1933 411 1997 sed
425 1955 542 2018 queror
558 1933 645 1998 haud
658 1933 777 2016 faciles,
791 1933 943 1998 iuvenum
957 1933 1126 2021 rarissime,
1140 1941 1272 2019 questus

286 2021 471 2106 irascorque
494 2022 604 2107 etiam,
628 2026 783 2106 quantum
805 2022 988 2087 irascuntur
1011 2027 1162 2088 amantes.

284 2115 419 2175 tantane
441 2133 492 2175 me
516 2110 623 2175 decuit
645 2110 770 2197 vulgari
794 2111 912 2197 gaudia
934 2112 1019 2176 fama

284 2199 440 2264 noscero?
475 2221 612 2284 oumque
634 2198 697 2264 tibi
720 2199 844 2284 vagiret
868 2200 983 2264 tertius
1006 2200 1125 2284 insane,
1260 2217 1293 2264 35

285 2287 435 2373 protinus
458 2287 582 2375 ingenti
605 2310 672 2353 non
693 2288 782 2352 venit
803 2288 918 2352 nuntia
941 2310 1034 2352 cursu

284 2376 410 2463 littera,
433 2398 513 2460 quae
536 2378 637 2441 festos
660 2377 821 2440 cumulare
845 2376 1001 2440 altaribus
1024 2374 1116 2461 ignes

286 2469 319 2529 et
342 2465 492 2529 redimire
514 2466 632 2550 ohelyn
654 2468 827 2549 postesque
852 2486 963 2528 ornare
987 2464 1113 2528 iuberet

284 2552 479 2638 Albanoque
502 2555 614 2618 eadum
637 2554 819 2619 sordentem
842 2575 989 2637 promere
1011 2553 1100 2616 fumo

286 2646 318 2706 et
341 2647 437 2707 eantu
460 2642 588 2729 signare
611 2642 709 2729 diem,
732 2642 786 2708 sed
809 2642 920 2706 tardus
943 2642 1090 2725 inersque
1259 2661 1292 2709 40

285 2753 371 2795 nuno
394 2731 522 2795 demum
545 2753 616 2796 mea
638 2736 713 2796 vota
736 2731 838 2796 oeno?
880 2734 936 2795 tua
959 2731 1052 2814 eulpa
1074 2733 1212 2815 tuusque

284 2819 337 2884 hio
361 2819 474 2902 pudor.
519 2820 655 2885 ulterius
678 2820 733 2885 sed
756 2820 842 2884 enim
864 2819 1041 2903 producere
1064 2824 1197 2902 questus

284 2930 350 2972 non
372 2907 461 2993 lieet,
484 2931 525 2972 en
545 2909 658 2973 hilaris
681 2909 865 2973 oiroumstat
888 2908 985 2972 turba
1007 2912 1136 2972 tuorum

285 2997 493 3081 defensatque
511 3002 646 3080 patrem.
683 3019 778 3081 quem
795 3020 861 3062 non
879 2997 940 3061 hoo
959 2996 1086 3082 agmine
1103 2997 1233 3062 vineas?

351 3085 383 3149 di
406 3084 517 3169 patrii,
539 3108 620 3170 quos
643 3085 786 3171 auguriis
809 3108 906 3169 super
929 3107 1068 3169 aequore
1090 3086 1215 3172 magnis
1257 3103 1289 3151 45

283 3173 363 3239 litus
385 3173 426 3237 ad
448 3172 629 3239 Ausonium
652 3174 779 3238 devexit
802 3174 946 3238 Abantia
969 3173 1091 3256 elassiS,

283 3266 333 3346 tu,
357 3261 472 3327 duotor
493 3264 609 3347 populi
630 3263 727 3349 longe
750 3262 933 3348 migrantis,
957 3261 1088 3346 Apollo,

342 3388 461 3395 -—

356 3460 389 3508 19
403 3453 499 3508 laurus
509 3455 664 3510 Kronios:
679 3455 770 3508 lauro:
784 3454 879 3509 lauros
894 3471 910 3513 ς
924 3456 1004 3525 outqo
1058 3460 1090 3506 21
1105 3470 1155 3523 ger
1168 3455 1229 3522 (del.
1239 3455 1288 3522 ΠΙ)

280 3523 469 3596 tergeminae
523 3531 557 3579 24
575 3527 697 3580 mutata:
715 3524 824 3579 nudata
837 3526 1023 3580 Marklandus
1076 3530 1108 3577 26
1128 3524 1177 3578 aed
1195 3523 1289 3578 iuveni

280 3597 418 3651 laetanda
431 3597 461 3650 et
473 3595 601 3652 Vollmer:
621 3596 671 3650 sed
689 3600 777 3666 (spem
790 3596 931 3666 Hortalus)
949 3595 1043 3651 iuveni
1061 3595 1147 3648 letam
1162 3594 1223 3649 dat:
1239 3595 1288 3649 sed

279 3666 697 3724 iuvenilaetandastBaehrens
741 3673 775 3719 32
784 3666 939 3722 rarissime:
954 3666 1123 3723 carissimos
1173 3666 1288 3720 38redi-

279 3753 358 3794 mere
420 3743 455 3792 39
472 3736 651 3806 Albanoque:
670 3736 828 3806 Albanique
848 3739 991 3793 Krateias
1044 3741 1078 3791 40
1097 3739 1193 3793 cantu:
1212 3739 1288 3792 oreta

280 3810 426 3866 Beatam
498 3809 559 3865 sed:
579 3809 619 3863 sio
636 3810 776 3864 Baehrens
847 3815 881 3864 46
900 3807 1024 3863 Abantia
1042 3825 1070 3867 s:
1091 3808 1126 3862 ab
1145 3808 1228 3863 anxia

1116 3897 1129 3925 ὴ

1095 3902 1113 3952 A
