3317 4434
323 443 385 508 112
671 438 703 494 P.
721 438 845 494 1111111
863 437 987 494 anana

318 586 484 651 Hannibal
507 589 563 649 aut
586 584 672 650 saevi
696 587 807 668 posset
829 604 894 648 vox
915 581 1059 648 horrida
1083 583 1196 670 Syllae

317 675 368 739 his
392 675 554 740 celebrare
577 673 689 739 modis.
735 675 821 738 certe
843 675 895 753 tu,
918 673 1076 738 muneris
1101 678 1229 758 auctor,

316 786 382 829 non
405 763 476 828 aliis
500 761 612 828 malles
635 761 749 848 oeulis,
772 761 931 846 Lysippo,
954 761 1114 845 probari.

793 1043 862 1109 VH.

500 1186 572 1241 ODE
591 1185 725 1242 LYRICA
743 1185 794 1239 AD
812 1183 944 1238 WBIUM
962 1183 1173 1242 MAXIMUM.

423 1312 491 1377 lam
516 1313 570 1376 diu
592 1311 659 1375 lato
683 1311 804 1375 sociate
827 1331 941 1394 campo

426 1401 520 1466 fortis
542 1400 671 1481 heroos,
694 1399 808 1484 Erato,
830 1398 961 1464 labores

426 1489 519 1553 differ
541 1493 637 1572 atque
661 1490 775 1574 ingens
798 1509 881 1572 opus
903 1486 938 1550 in
960 1487 1117 1556 minores

577 1577 729 1641 contrahe
751 1598 862 1662 gyros,

426 1758 541 1840 tuque,
563 1758 718 1840 regnator
739 1752 859 1838 lyricae
881 1752 1029 1818 cohortis

426 1843 466 1907 da
488 1843 563 1908 novi
587 1842 720 1927 paulum
742 1841 823 1906 mihi
846 1841 917 1905 iura
939 1841 1079 1929 plectri,

428 1932 454 1996 si
478 1936 551 1996 tuas
574 1935 671 1996 cantu
693 1930 787 1996 Latio
810 1929 946 2016 sacravi,

575 2020 725 2104 Pindaro,
748 2020 893 2085 Thebas:

425 2198 568 2263 Maximo
591 2219 719 2262 carmen
741 2201 875 2262 tenuare
897 2200 1040 2282 tempt03

426 2309 513 2352 nunc
535 2287 577 2351 ab
600 2287 729 2351 intonsa
751 2286 908 2370 capienda
928 2289 1039 2370 myrto

426 2381 525 2459 serta,
547 2397 632 2440 nunc
655 2375 757 2439 maior
780 2375 852 2440 sitis
875 2379 908 2439 et
930 2374 1102 2442 bibendus

577 2464 694 2529 castior
717 2464 828 2529 amnis.

428 2641 555 2725 quando
577 2645 611 2706 te
635 2641 719 2706 dulci
742 2641 836 2706 Latio
859 2640 1028 2705 remittent

427 2729 596 2794 Dalmatae
619 2735 759 2817 1110111111,
782 2730 839 2795 ubi
862 2729 939 2794 Dite
961 2729 1032 2795 vieo

427 2817 567 2902 pallidus
589 2819 695 2883 fossor
716 2819 800 2883 redit
823 2824 979 2904 erutoque

578 2906 727 2971 concolor
750 2906 850 2972 auro?

428 3104 499 3146 ecce
522 3105 573 3146 me
595 3089 707 3149 natum
730 3085 883 3170 propiore
905 3088 991 3149 terra

428 3192 494 3235 non
516 3176 625 3237 tamen
647 3177 744 3258 portu
766 3174 908 3238 retinent
930 3194 1067 3239 amoeno

429 3260 553 3325 desides
574 3261 671 3325 Baiae
693 3261 843 3327 liticenve
866 3266 963 3327 notus

578 3349 728 3415 Hectoris
750 3350 855 3415 armis.

322 3476 534 3485 ———

393 3577 452 3631 VH.
472 3595 1040 3633 oca·nnmcn·ao·v1v1vn·namvu·
1119 3589 1279 3644 laooiata:

322 3647 397 3704 tiata
415 3664 444 3707 ς1
464 3646 589 3714 spatiata
608 3666 624 3707 ς
679 3656 694 3701 2
714 3650 812 3704 heroos
832 3667 860 3709 ςι
880 3649 973 3705 herois
1033 3656 1070 3706 15
1090 3654 1193 3714 foeeor
1211 3677 1240 3720 5:
1256 3658 1289 3714 fet

319 3723 414 3843 mla}
428 3718 661 3843 lliitioffiesnctus
679 3720 806 3775 Hectoris
831 3721 915 3774 armis
934 3722 974 3776 ed.
992 3721 1178 3786 Pemaeocie:
1198 3730 1289 3786 lationi
