3317 4434
321 462 364 526 48
675 460 705 513 P.
724 459 849 512 PAPINI
868 459 985 513 STATH

319 607 485 671 incurvata
507 603 596 668 vadis
619 603 703 668 redit
725 604 799 668 inde
822 604 985 669 cacumine
1008 608 1096 668 recto

320 695 428 781 ardua,
451 716 509 758 ceu
531 693 645 757 mediis
668 693 786 756 iterum
808 697 958 757 nascatur
981 693 1021 756 ab
1046 692 1140 756 undis

320 789 417 868 atque
439 782 567 846 habitet
593 781 732 845 vitreum
754 781 862 846 tacitis
885 774 1046 845 radicibus
1069 803 1204 845 amnem.
1311 797 1323 844 o

324 873 402 957 quid
418 871 588 936 Phoebum
606 874 673 933 tam
691 892 791 954 parve
808 869 943 956 rogem?
965 892 1022 934 vos
1042 869 1138 934 dicite
1157 891 1279 954 causas,

320 960 450 1046 Naides,
472 963 505 1023 et
526 959 646 1042 faciles,
668 958 747 1023 satis
770 963 829 1042 est,
852 959 925 1023 date
948 958 1089 1023 carmina
1111 957 1224 1023 Fauni.

387 1048 605 1132 nympharum
626 1051 756 1112 tenerae
778 1047 951 1134 fugiebant
973 1047 1062 1112 Pana
1085 1052 1247 1131 catervae3

318 1139 374 1203 ille
390 1137 520 1221 quidem
533 1136 570 1220 it,
584 1139 715 1201 cunctas
727 1139 894 1220 tamquam
907 1136 995 1220 velit,
1009 1140 1042 1199 et
1056 1139 1165 1200 tamen
1179 1157 1279 1200 unam

319 1227 354 1291 in
376 1225 528 1291 Pholoen.
575 1225 665 1289 silvis
688 1225 744 1288 sed
766 1224 1018 1308 fluminibusque
1042 1224 1206 1308 sequentis
1298 1241 1325 1288 10

319 1338 405 1380 nunc
427 1314 531 1379 hirtos
553 1335 691 1400 gressus,
713 1335 799 1377 nunc
821 1313 972 1397 improba
995 1334 1115 1378 cornua
1137 1313 1229 1377 vitat.

320 1405 450 1488 iamque
474 1408 507 1468 ct
530 1402 723 1488 belligerum
744 1402 815 1467 Iani
838 1424 951 1467 nemus
974 1407 1106 1485 atraque
1130 1401 1205 1465 Caci

320 1516 396 1558 rura
418 1491 660 1574 Quirinalesque
683 1492 761 1577 fuga
784 1512 940 1574 suspensa
962 1512 1022 1574 per
1044 1512 1139 1577 agros

321 1581 446 1646 Caelica
468 1584 556 1644 tesca
579 1579 680 1663 subit3
703 1579 751 1644 ibi
775 1579 903 1643 demum
925 1579 1011 1643 victa
1032 1578 1153 1663 labore,

322 1673 407 1735 fessa
429 1672 528 1753 metu,
551 1690 615 1752 qua
636 1690 720 1732 nunc
743 1667 862 1752 placidi
884 1667 1029 1733 Melioris
1052 1667 1157 1752 aperti
1255 1720 1260 1729 .
1298 1683 1325 1730 15

325 1762 413 1823 stant
437 1758 506 1821 sine
528 1756 640 1821 fraude
662 1757 754 1841 lares,
777 1757 877 1821 flavos
900 1756 1032 1843 collegit
1054 1755 1191 1821 amictus

324 1846 426 1911 artius
450 1851 482 1910 et
504 1845 616 1910 niveae
638 1845 749 1930 posuit
771 1867 805 1910 se
827 1845 973 1932 margine
996 1845 1094 1929 ripae.

321 1934 504 2019 insequitur
525 1934 621 1999 velox
643 1956 796 2018 pecorum
820 1934 898 1998 deus
922 1937 955 1998 et
978 1956 1035 1997 sua
1058 1933 1159 1998 credit

322 2023 473 2108 conubia,
496 2023 621 2087 ardenti
644 2023 775 2087 iamiam
797 2022 937 2106 suspiria
959 2022 1059 2087 librat

320 2117 459 2198 pectore,
481 2111 546 2175 iam
568 2111 705 2195 praedae
727 2110 807 2175 levis
831 2110 985 2176 imminet.
1023 2132 1095 2175 ecee
1119 2110 1236 2176 citatos
1295 2125 1325 2174 ao

320 2201 459 2266 advertit
481 2200 586 2265 Diana
608 2200 735 2286 gradus,
759 2199 835 2264 dum
858 2222 917 2284 per
939 2200 1016 2286 iuga
1039 2203 1164 2284 septem

322 2295 407 2355 errat
428 2289 673 2372 Aventinaeque
696 2288 777 2376 legit
800 2288 938 2375 vestigia
961 2310 1078 2353 cervae.

321 2379 483 2464 paenituit
505 2377 623 2442 vidisse
646 2378 747 2463 deam,
770 2399 985 2460 conversaque
1008 2377 1088 2442 fidas

321 2469 362 2532 ad
384 2467 530 2533 comites:
550 2467 778 2551 ‘numquamne
801 2465 904 2530 avidis
927 2466 1041 2531 arcebo
1065 2465 1189 2549 rapinis

321 2557 383 2621 hoc
405 2556 556 2639 petulans
578 2554 770 2638 foedumque
793 2576 902 2638 pecus,
924 2575 1113 2639 semperque
1137 2554 1248 2638 pudici
1296 2567 1325 2617 at

322 2645 482 2708 decrescet
503 2643 584 2707 mihi
607 2644 704 2707 turba
726 2642 850 2707 chori?'
887 2642 934 2708 sic
957 2642 1070 2707 deinde
1092 2643 1201 2707 locuta

322 2731 484 2816 depromit
506 2732 659 2815 pharetra
681 2730 781 2795 telum
805 2732 911 2811 breve,
935 2731 1022 2815 quod
1043 2752 1147 2815 neque
1170 2731 1263 2795 flexis

322 2819 474 2884 cornibus
497 2823 553 2883 aut
577 2819 673 2883 solito
697 2823 827 2903 torquet
850 2820 995 2905 stridore,
1018 2821 1161 2885 seduna

228 2906 233 2914 ’
324 2906 431 2972 emisit
454 2910 606 2972 contenta
628 2929 725 2971 manu
748 2907 936 2994 laevamque
960 2930 1094 2993 soporae

322 2995 446 3061 Naidos
468 3017 578 3059 aversa
600 2996 703 3060 fertur
725 2996 872 3083 tetigisse
895 2997 1023 3084 sagitta.
1295 3011 1324 3058 ao

323 3085 380 3148 illa
403 3084 488 3148 diem
509 3084 632 3168 pariter
654 3107 788 3171 surgens
810 3086 1004 3170 hostemque
1027 3090 1217 3170 protervum

394 3319 409 3365 3
427 3312 576 3367 incurvata
594 3316 756 3383 (accurrate
773 3315 942 3384 Politiaaus)
961 3312 1041 3369 vadis
1061 3331 1090 3372 ςε
1112 3313 1234 3368 curvata
1252 3310 1324 3368 vadis

322 3383 414 3452 (nodis
432 3383 473 3436 1¹
490 3386 522 3439 ia
539 3387 602 3455 ηιμ.)
687 3387 867 3439 ecartervae
951 3387 1016 3439 9et
1032 3387 1141 3439 tament
1159 3383 1185 3440 it
1201 3387 1325 3440 tament

395 3460 427 3508 10
447 3455 497 3509 sed
515 3455 671 3510 Krohaiue:
690 3458 731 3509 et:
749 3456 820 3510 haec
839 3475 865 3508 m
883 3459 914 3510 ia
933 3474 985 3527 τηρ.
1055 3462 1088 3510 14
1107 3454 1202 3510 (letica
1255 3457 1325 3510 tesca

323 3526 524 3582 Marklaadas:
542 3527 618 3580 tecta
727 3532 759 3580 16
779 3526 837 3581 sive
927 3527 1027 3581 flavos:
1046 3526 1148 3580 fluidos
1168 3543 1198 3587 ςε
1216 3524 1324 3596 glaucos

323 3597 450 3652 Klotriua
467 3598 533 3651 olim
623 3602 655 3650 17
674 3596 786 3652 niveae:
804 3597 889 3652 viridi
908 3599 1106 3654 Morkloodos:
1125 3603 1228 3652 curvae
1248 3597 1325 3663 (droa-

323 3669 427 3738 berper:
446 3666 555 3722 nitidae
569 3667 696 3735 Schoefer
758 3674 791 3722 25
810 3686 895 3738 pecus
913 3669 966 3724 1²2
984 3672 1067 3740 petus
1131 3674 1165 3724 26
1184 3667 1326 3724 Decrescet

323 3740 367 3806 (aa
385 3737 421 3793 -it
438 3742 492 3862 mi<
544 3744 577 3792 27
596 3739 725 3793 fharetra
787 3746 820 3794 29
840 3740 988 3809 levamque
1007 3744 1046 3810 (m
1063 3757 1124 3810 cap.
1143 3739 1185 3792 1¹
1201 3747 1228 3797 et
1245 3742 1279 3809 n)
1306 3742 1307 3746 ’

323 3824 439 3877 soporae
488 3811 612 3866 rohaies:
633 3827 760 3880 soporem
832 3817 865 3865 31
886 3811 972 3867 diem:
992 3811 1075 3865 deam
1094 3813 1114 3865 ς
