3317 4434
321 440 396 496 xm
724 435 930 494 PRAEFATIO

317 594 398 672 plari
420 609 473 651 suo
495 592 659 652 invenisset
677 585 787 667 ‘palte’
809 590 960 666 librarius,
977 588 1061 649 nullo
1083 589 1174 650 modo
1198 590 1338 652 tranun-

318 682 429 760 psisset
442 676 536 758 ‘peste
551 675 601 740 et'.
627 680 818 739 manifestum
833 681 929 758 igitur
941 681 988 739 est
1000 681 1201 739 correctorem
1221 679 1338 739 levitati

318 772 424 873 magis·
447 770 650 830 consulentem
678 788 768 846 quam
794 769 864 828 fidei
892 767 1069 845 exemplaris
1097 767 1339 829 emendationem

319 860 507 1008 admilsilnsaseiut
529 966 676 1007 summam
696 948 785 1007 huius
808 945 1021 1024 disputationis
1043 944 1204 1020 iaoiamus,
1232 965 1273 1005 ne
1298 936 1339 1008 Μ’

318 1037 438 1115 quidem
460 1037 611 1113 exemplar
632 1035 778 1112 adhibuit,
799 1035 878 1095 unde
896 1029 927 1096 ll
944 1034 1038 1093 fluxit
1070 1034 1216 1110 quoniam
1238 1035 1333 1114 igitur

317 1126 437 1187 insola
462 1127 561 1202 prima
586 1143 678 1185 manu
700 1126 884 1186 Matn'tensis
910 1122 1112 1183 reeensionem
1138 1122 1199 1183 niti
1226 1122 1332 1183 debere

317 1215 509 1291 ostendimus,
531 1236 547 1274 e
569 1235 602 1274 re
625 1215 683 1273 erit
703 1233 763 1273 uno
787 1214 895 1274 obtutu
916 1231 1080 1290 proponere
1104 1212 1190 1288 quali
1213 1212 1332 1273 vinoulo

318 1305 429 1383 singuli
456 1304 570 1364 oodioes
598 1322 665 1363 eum
691 1302 861 1364 Metuitensi
888 1302 1081 1376 cohaereant,
1103 1300 1136 1359 id
1167 1301 1254 1377 quod
1281 1301 1334 1362 hoo

320 1396 477 1454 stemmate
501 1393 578 1453 effioi
600 1392 698 1452 volui:

627 2433 651 2491 Β
740 2441 841 2510 llIKQ

1239 2622 1284 2683 sl]

322 2758 449 2833 denique
467 2758 502 2814 ut
519 2756 687 2815 illustretur
705 2758 844 2835 cognatio
863 2758 998 2818 oodioum
1015 2757 1144 2834 primam
1161 2757 1255 2833 primi
1271 2755 1338 2818 libri

324 2846 459 2923 eclogam
481 2864 549 2905 oum
571 2844 659 2921 pleno
683 2849 833 2922 apparatu
855 2848 958 2907 oritioo
981 2846 1026 2905 ita
1047 2845 1096 2905 hio
1122 2846 1285 2922 proposui,
1306 2848 1339 2905 ut

322 2936 437 3012 primae
459 2934 491 2992 in
513 2926 544 2993 ll
566 2951 672 2992 manus
694 2936 809 2994 textum
833 2936 1034 2995 exsoriberem.

665 3091 766 3153 EGVS
781 3125 788 3137 ·
802 3094 987 3155 MAXIMVS

654 3179 874 3243 DOMITIANI
888 3214 895 3227 ·
909 3184 998 3243 IMP·

369 3307 451 3379 Quae
475 3307 715 3384 superinposito
739 3308 822 3367 sedes
845 3309 938 3368 moles
961 3310 1112 3386 gemmata
1135 3306 1253 3367 colosso

367 3397 436 3457 Stet
457 3396 566 3456 latium
588 3397 742 3474 eomplexa
763 3398 863 3457 forum
885 3398 987 3457 oelone
1010 3414 1052 3476 pa

393 3588 1053 3656 nova-nms·nou1n1sn1·ffi·mmgl:
1072 3599 1337 3644 novus-sumtus·

322 3673 463 3709 nonnum
478 3686 484 3697 ·
499 3656 630 3708 muniri·
648 3660 681 3707 1²:
705 3673 790 3714 novus
807 3687 811 3696 ·
826 3673 945 3709 usxmvs
961 3687 966 3697 ·
982 3671 1124 3709 nemum
1138 3684 1144 3695 ·
1159 3672 1337 3709 mannonis

322 3730 383 3779 Ball
401 3728 450 3797 (sil
470 3728 567 3781 litteris
584 3726 771 3797 minusculie):
799 3727 961 3781 Domitiano
980 3726 1052 3797 Aug.
1072 3725 1184 3779 Aeneus
1207 3725 1232 3779 E
1254 3743 1288 3780 us
1310 3725 1339 3779 iu

321 3796 383 3851 foro
407 3797 517 3851 dicatus
536 3803 568 3850 u:
597 3796 708 3850 Aeneus
731 3813 819 3866 equus
838 3798 977 3852 Maximus
1000 3796 1156 3851 Domitiani
1175 3801 1214 3852 u:
1288 3813 1339 3851 uus
