3317 4434
361 403 501 458 XXXVIII
721 402 845 457 EdItoris
862 401 1013 471 praefatio.

361 574 485 631 ratione.
535 573 596 629 iam
627 572 683 630 etsi
716 570 850 630 codicum
879 574 976 637 Qox
1002 590 1058 646 ope
1089 570 1138 629 hic
1170 571 1235 629 illic
1252 590 1379 646 ,errores

361 669 535 728 manifestos
563 668 671 728 codicis
693 674 720 727 P
743 670 891 744 corrigere
918 668 1018 741 licuit,
1045 670 1146 741 tamen
1174 670 1281 743 paucis
1310 670 1378 728 locis

361 799 405 807 -
420 786 479 825 non
497 770 544 826 tot
561 771 636 841 'quot
654 766 781 826 editores
794 767 886 843 vulgo
905 768 1014 841 putant
1031 797 1076 808 -
1093 769 1196 825 tamen
1214 770 1286 825 ante
1305 785 1379 826 com·

362 884 484 924 munem
502 867 635 924 omnium
653 865 797 923 librorum
815 864 929 923 fontem
936 856 961 944 1)
981 864 1166 939 corruptelae
1184 866 1377 939 inrepserrmt·

361 963 541 1038 ubicumque
564 983 634 1022 vero
658 962 801 1021 Puteanei
828 963 970 1021 lectiones
994 963 1130 1020 veritatis
1157 964 1288 1037 speciem
1311 981 1378 1038 prae

362 1080 394 1120 se
417 1062 526 1134 ferunt,
549 1079 599 1120 ees
622 1060 782 1119 servandas
806 1077 869 1119 esse
892 1060 967 1118 mihi
986 1076 1160 1134 persuasum
1184 1063 1230 1118 est
1253 1060 1301 1119 vel
1323 1078 1378 1117 non

361 1164 516 1235 perspecta
544 1160 784 1234 interpolationis
811 1161 844 1216 in
867 1160 972 1217 ceteris
1000 1157 1084 1215 libris
1107 1159 1233 1216 ratione.
1280 1158 1377 1233 pleris-

363 1278 420 1333 que
453 1260 555 1316 autem
586 1258 659 1315 locis
691 1259 813 1315 minime
845 1256 1009 1329 dubitabis,
1041 1273 1093 1313 cur
1122 1254 1324 1318 difficiliorem
1352 1258 1378 1313 et

363 1356 578 1433 elegantiorem
606 1356 751 1432 genuinae
774 1354 946 1412 traditionis
975 1354 1131 1411 lectionem
1154 1356 1324 1428 spreverint
1346 1354 1379 1425 ei,

363 1455 416 1527 qui
440 1458 560 1528 poetam
582 1453 701 1511 facilem
724 1452 878 1510 intellectu
900 1451 1021 1509 reddere
1045 1449 1193 1510 volebant.

428 1552 490 1608 iam
518 1553 677 1625 postquam
703 1550 860 1621 rationem,
888 1568 978 1623 quarn
1005 1550 1037 1606 in
1064 1551 1149 1607 textu
1173 1548 1377 1607 constituendo

362 1648 542 1721 sequendam
561 1666 623 1707 esse
641 1665 753 1720 censeo,
766 1646 898 1705 breviter
911 1666 965 1721 pro
979 1648 1067 1705 huius
1081 1646 1141 1705 loci
1155 1648 1378 1722 opportunitate

363 1746 492 1820 exposui,
512 1764 607 1820 pauca
626 1745 711 1818 addo,
725 1764 801 1818 quae
819 1764 879 1803 non
898 1744 936 1802 ab
955 1746 1037 1804 omni
1054 1745 1140 1818 parte‘
1160 1762 1378 1819 superuacanea

363 1861 425 1901 esse
448 1842 584 1901 arbitror.
630 1843 774 1900 Achilleis
802 1844 881 1900 enim
909 1846 977 1918 post
1004 1843 1117 1900 scholia
1142 1843 1175 1899 in
1199 1841 1377 1900 Thebaidem

364 1943 527 2017 composita
564 1942 740 2018 gravissima
777 1940 884 1999 menda
917 1940 1035 1998 videtur
1067 1941 1277 2001 contraxisse..
1314 1959 1378 1998 nam

363 2058 423 2097 uno
461 2039 525 2098 loco
562 2040 723 2116 genuinam
755 2038 912 2097 lectionem
945 2056 1012 2097 cum
1044 2036 1195 2097 Puteaneo
1229 2056 1379 2097 servavere

364 2136 531 2195 Thebaidos
559 2136 678 2195 scholia.
687 2128 713 2215 2)
758 2154 854 2209 neque
881 2155 951 2195 vero
984 2154 1099 2211 semper
1131 2135 1220 2194 ambo
1250 2138 1380 2194 carmina

363 2237 520 2294 coniuncta
551 2236 642 2293 fuisse
671 2233 741 2291 inde
770 2236 850 2292 certo
882 2232 1018 2307 efficitur,
1044 2234 1128 2307 quod*
1148 2234 1219 2291 sunt
1246 2236 1379 2293 auctores

362 2334 444 2391 haud
468 2333 557 2408 pauci
581 2334 632 2406 qui
655 2331 836 2389 Thebaidem
858 2331 949 2405 probe
972 2335 1128 2405 noverunt,
1145 2330 1325 2390 Achilleidis
1347 2350 1381 2389 ne

363 2450 455 2488 unum
470 2429 591 2505 quidem
605 2430 703 2488 locum
717 2429 922 2487 laudaverunt.
950 2428 1137 2487 Achilleidos
1146 2431 1248 2487 autem
1262 2430 1382 2502 scholia,

364 2530 390 2585 si
416 2529 448 2586 in
475 2548 508 2587 re
534 2527 649 2586 lubrica
676 2526 802 2585 necdum
830 2527 904 2585 satis
932 2526 1091 2601 disquisita
1119 2527 1213 2586 audeo
1242 2527 1380 2600 iudicare,

364 2644 431 2683 oum
454 2630 571 2699 praeter
594 2625 750 2684 verborum
774 2625 919 2699 quasdam
947 2625 1181 2698 simplicissimas
1204 2627 1380 2702 interpreta-

363 2725 459 2781 tiones
477 2723 553 2781 nihil
571 2724 632 2782 fere
651 2725 832 2796 contineant,
847 2722 925 2797 quod
943 2740 1004 2780 non
1022 2723 1095 2781 item
1110 2725 1205 2780 exstet
1223 2724 1254 2780 in
1272 2723 1381 2795 Servio,

363 2839 422 2877 non
446 2839 505 2877 una
528 2840 595 2888 cum
618 2819 785 2879 Thebaidos
808 2820 928 2878 scholiis
951 2819 1090 2878 videntur
1113 2822 1179 2878 orta
1203 2838 1276 2880 esse:

432 2920 567 2975 auctores
596 2917 675 2992 quod
702 2918 814 2992 addidi,
839 2920 984 2992 quatenus
1012 2917 1077 2976 fieri
1099 2918 1198 2992 potuit
1221 2950 1267 2958 —
1290 2937 1381 2993 neque

364 3017 443 3073 enim
466 3017 623 3089 quisquam
649 3016 802 3074 hieriam
830 3017 988 3091 aperuerat
1012 3047 1063 3088 —‚
1085 3016 1235 3073 neminem
1261 3018 1380 3076 moleste

365 3132 450 3189 spero
483 3132 545 3172 esse
576 3113 715 3171 laturum.
766 3114 866 3189 plures
894 3116 974 3173 locos
1002 3113 1147 3171 doctiores
1175 3112 1305 3173 fortasse
1335 3114 1379 3173 ad-

364 3215 469 3271 notare
492 3230 578 3287 posse
601 3212 681 3271 haud
705 3214 812 3287 nescio,
836 3232 890 3290 ego
913 3213 1025 3288 partim
1048 3230 1082 3269 ex
1106 3210 1287 3270 editionibus
1307 3216 1379 3272 vete·

364 3310 461 3384 ribus,
493 3312 603 3385 partim
639 3310 675 3368 de
705 3329 770 3368 meo
802 3329 878 3383 quae
913 3310 1098 3387 collegeram,
1125 3309 1220 3366 malui
1248 3311 1379 3384 quamvis

438 3545 463 3610 1)
483 3558 538 3610 quo
567 3543 661 3594 autem
688 3543 814 3609 tempore
837 3541 973 3595 Puteanei
997 3541 1081 3610 stirps
1106 3557 1123 3593 a
1145 3539 1318 3611 reliquorum
1344 3541 1378 3593 di·

366 3638 462 3688 gressa
486 3621 535 3684 sit,
560 3620 660 3674 altiore
684 3624 712 3674 et
730 3622 844 3689 propria
864 3622 1027 3690 quaestione
1047 3638 1116 3689 opus
1136 3623 1190 3686 est,
1210 3639 1284 3690 quae
1303 3622 1376 3675 huius

365 3701 551 3768 praefationis
570 3701 684 3755 modum
702 3717 798 3754 vereor
816 3717 852 3754 ne
871 3704 991 3771 superet

376 3798 380 3810 ⁶
437 3784 463 3851 2)
483 3781 517 3835 cf.
538 3782 601 3834 adn.
623 3781 683 3835 crit.
703 3781 740 3835 ad
758 3781 826 3835 Aah.
843 3782 856 3834 I
871 3788 929 3836 344.
