3317 4434
683 441 806 496 Editoris
824 442 972 512 praefatio.
1222 443 1337 497 XXXIX

319 629 418 687 pauca
442 629 502 669 non
525 610 634 685 deesse,
657 629 746 685 quam
770 613 834 670 sinc
856 611 911 669 hoo
935 611 1105 670 adiumento
1129 612 1287 672 editionem
1305 616 1337 670 in

317 709 472 785 publicum
495 710 600 767 emitti.

386 808 449 863 iam
477 824 546 864 vero
581 824 648 864 cum
683 806 721 863 ad
754 807 844 864 finem
878 807 1111 881 pervenerimus,
1140 808 1216 865 nihil
1243 811 1338 867 restat

318 905 378 963 nisi
406 906 442 961 ut
468 905 582 979 gratias
605 922 693 980 agam
717 906 758 962 eis
782 906 854 962 viris
878 904 986 977 docte,
1014 922 1140 979 quorum
1168 924 1224 980 cpe
1247 909 1337 981 atque

318 1001 433 1060 auxilia
456 1000 560 1058 adiuta
577 1000 721 1059 Achilleis
744 1003 847 1060 nostra
870 1021 948 1060 nunc
967 1002 1067 1077 prodit
1086 1004 1117 1059 in
1136 1003 1240 1060 lucem.
1278 1024 1336 1078 quo

318 1100 350 1157 in
373 1117 497 1158 numero
519 1100 668 1174 imprimis
687 1102 807 1158 nomino
831 1118 880 1158 eos
900 1101 951 1174 qui
970 1099 1165 1175 bybliothecis
1184 1100 1337 1159 Parisinae

318 1199 349 1255 et
367 1196 539 1256 Monacensi
556 1199 707 1271 praesunt,
725 1197 833 1272 quibus
852 1197 1023 1256 auctoribus
1042 1197 1157 1256 codices
1171 1197 1336 1256 Puteanum

318 1298 349 1353 et
358 1294 529 1353 Parisinum
543 1295 694 1353 commode
708 1296 782 1352 mihi
796 1296 883 1353 licuit
897 1296 1042 1369 conferre3
1056 1296 1161 1354 deinde
1171 1288 1337 1353 triumfum

319 1390 512 1460 Gustafsson,
541 1394 594 1466 qui
615 1393 794 1450 nouaclum
820 1393 856 1450 de
884 1393 982 1452 codice
1005 1392 1152 1451 Vaticano
1183 1395 1338 1468 quaerenti

317 1490 394 1547 mihi
417 1487 633 1567 benignissime
649 1490 776 1565 rettulit,
799 1491 850 1549 sed
870 1493 960 1549 etiam
979 1491 1015 1549 de
1033 1492 1136 1550 multis
1155 1490 1337 1550 Achilleidos

318 1587 393 1647 locis
427 1588 605 1645 sententiam
635 1605 720 1645 suam
749 1607 864 1647 mecum
895 1591 1132 1648 communicavit.
1185 1590 1216 1647 id
1246 1609 1338 1647 unum

319 1685 420 1760 doleo,
448 1685 526 1759 quod
553 1687 642 1759 inter
658 1684 803 1745 Addenda
829 1687 1035 1745 tantummodo
1063 1688 1206 1746 nonnulla
1234 1707 1268 1745 ex
1297 1690 1338 1746 eis

322 1783 452 1857 proferri
465 1785 635 1858 potuerunt,
646 1802 712 1840 cum
727 1786 825 1842 textus
839 1786 899 1841 iam
914 1784 996 1859 prelo
1011 1788 1087 1843 esset
1100 1787 1236 1844 traditus.
1261 1786 1340 1860 quod

321 1899 390 1946 cum
401 1879 554 1938 Ludovico
564 1880 680 1939 Traube
694 1884 811 1956 saepius
826 1880 963 1939 derebus
977 1881 1233 1958 palaeographiois
1249 1884 1337 1941 collo-

321 1980 373 2053 qui
390 1979 488 2051 licuit,
506 1996 620 2036 summo
634 1980 709 2036 mihi
728 1980 925 2037 emolumento
944 1980 1034 2037 fuisse
1048 1983 1134 2055 grato
1154 1982 1252 2038 animo
1271 1999 1337 2055 pro·

320 2075 415 2134 fiteor.
452 2075 559 2133 deinde
576 2075 744 2135 Friderious
762 2076 896 2135 Vollmer
920 2080 1038 2154 egregia
1057 2096 1116 2151 qua
1136 2079 1180 2135 est
1199 2079 1338 2136 comitate

321 2173 460 2251 plagulas
478 2191 559 2231 meas
577 2175 708 2249 inspexit
725 2193 853 2233 necnon
867 2176 961 2233 multa
976 2194 1010 2233 ex
1025 2174 1172 2232 uberrimo
1187 2175 1338 2233 doctrinae

321 2290 392 2330 suae
415 2272 498 2329 fonte
520 2271 674 2347 adspersit.
720 2276 839 2347 praeter
862 2293 928 2331 eum
952 2275 984 2329 in
1012 2292 1168 2347 operarum
1191 2272 1338 2331 erroribus

322 2368 524 2428 emaculandis
543 2371 679 2427 strenuus
698 2370 817 2428 adiutor
835 2371 894 2428 fuit
912 2372 1024 2427 amicus
1043 2369 1187 2445 Georgius
1201 2368 1337 2428 Lehnert.

321 2484 453 2526 summas
485 2484 555 2525 vero
587 2468 696 2525 iterum
728 2470 841 2545 gratias
874 2488 930 2545 ago
959 2471 1048 2541 atque
1074 2468 1177 2541 habeo,
1196 2468 1338 2526 Mauritio

321 2564 434 2638 Krohn,
459 2566 511 2638 qui
536 2583 596 2623 non
624 2565 720 2623 solum
742 2566 798 2624 hoc
821 2566 914 2624 subiit
936 2583 1056 2639 munus,
1084 2565 1135 2624 sed
1159 2567 1248 2623 etiam
1272 2584 1339 2622 cum

321 2683 390 2722 vere
413 2662 502 2720 huius
525 2663 604 2736 anni,
627 2663 679 2721 ille
702 2666 736 2721 ut
758 2664 795 2721 ab
819 2664 919 2737 officii,
943 2682 996 2740 ego
1020 2665 1054 2720 ut
1073 2682 1090 2720 a
1108 2664 1235 2720 militiae
1257 2663 1338 2720 labo-

320 2761 403 2819 ribus
427 2752 635 2833 recrearemur,
658 2779 775 2820 cannen
799 2761 1011 2820 nitidissimum
1030 2763 1178 2819 communi
1196 2764 1337 2819 tractare-

321 2877 387 2918 mus
425 2858 564 2931 lecticne,
601 2857 637 2916 de
674 2860 775 2917 multis
811 2860 884 2917 locis
922 2861 1136 2918 amoenissimis
1174 2861 1338 2935 conloquiis

321 2976 439 3016 mecum
462 2955 636 3030 disputavit.

389 3098 504 3173 Scripsi
526 3098 664 3157 Monacbi
686 3117 785 3158 mense
808 3099 944 3176 Augusto
969 3103 1040 3157 anni
1063 3099 1174 3159 MGMI.

980 3270 1151 3337 Althedus
1174 3269 1292 3336 Klotz.
