3317 4434
613 978 648 1043 P.
671 977 819 1044 PAPlNI
843 977 982 1044 STATII

549 1122 1053 1206 SILVARUM

704 1297 897 1364 crearer.

746 1443 851 1450 ——-.-

462 1541 611 1598 eremos
629 1542 846 1598 ABASCANTO
867 1543 935 1598 SUO
956 1543 1133 1599 SALUTEM.

359 1667 519 1737 Omnibus
530 1669 701 1743 effectibus
715 1670 939 1755 prosequenda
952 1675 1028 1735 eunt
1047 1671 1132 1736 bona
1146 1671 1303 1756 exempla,
1340 1689 1356 1735 o

283 1781 367 1825 oum
378 1757 508 1843 publice
525 1758 660 1842 prosint.
693 1758 807 1844 pietas,
826 1781 922 1844 quam
936 1758 1100 1824 Priscillae
1119 1765 1193 1825 tuac
1212 1783 1304 1844 prae·

286 1851 372 1932 stas,
395 1849 429 1913 et
449 1869 576 1925 morum
603 1852 733 1913 tuorum
756 1871 832 1933 pars
864 1852 897 1912 et
932 1847 1014 1912 nulli
1041 1871 1107 1914 non
1134 1849 1304 1915 conciliare

287 1941 339 2019 te,
375 1935 549 2020 praecipue
582 1937 713 2023 marito,
744 1941 862 2020 potest.
913 1958 1047 2001 uxorem
1082 1937 1168 2003 enim
1199 1938 1304 2003 vivam

287 2045 398 2095 amare
416 2023 567 2109 voluptas
585 2030 644 2109 est,
662 2025 846 2091 defimctam
865 2025 988 2112 religio.
1019 2048 1079 2112 ego
1098 2030 1207 2091 tamen
1229 2026 1304 2090 huic

288 2112 383 2198 operi
404 2133 471 2178 non
493 2116 531 2178 ut
553 2135 637 2180 unus
655 2136 672 2178 e
690 2115 788 2178 turba
804 2136 866 2179 nec
883 2118 1011 2179 tantum
1031 2115 1123 2198 quasi
1142 2114 1305 2179 officiosus
1324 2131 1357 2180 ιο

288 2201 415 2266 adsilui.
452 2201 571 2267 amavit
585 2202 671 2267 enim
689 2224 823 2268 uxorem
842 2225 947 2275 meam
960 2203 1107 2268 Priscilla
1121 2207 1154 2267 et
1168 2203 1303 2267 amando

289 2290 368 2356 fecit
392 2290 473 2361 mibi
495 2290 586 2356 illam
607 2291 839 2376 probatiorem3
869 2295 945 2376 post
972 2291 1034 2357 hoc
1057 2291 1204 2376 ingratus
1222 2313 1303 2374 eum,

290 2379 319 2444 ai
340 2378 489 2444 lacrimas
506 2382 580 2445 tuae
598 2384 734 2444 transeo.
766 2385 860 2464 praet
862 2402 934 2445 eree
951 2379 1037 2443 latua
1060 2401 1153 2444 omne
1177 2379 1303 2444 divinae

290 2467 404 2533 domus
427 2488 556 2552 semper
574 2467 729 2533 demereri
751 2490 903 2553 promea
925 2467 1146 2533 mediocritate
1169 2467 1302 2533 conitor

289 2555 440 2640 namqui
464 2555 635 2622 bonafide
658 2557 1001 2643 deoscolit‚emate
1024 2557 1213 2623 sacerdotea
1247 2557 1356 2623 sed15

290 2643 437 2729 quamvis
473 2644 660 2729 propiorem
692 2669 786 2720 usum
817 2645 978 2711 amicitiae
1009 2650 1084 2711 tuae
1112 2646 1303 2730 iampridem

288 2755 450 2818 cuperem,
473 2733 603 2800 mallem
621 2739 730 2800 tamen
752 2735 927 2802 nondum
919 2735 1077 2800 mvcnisae
1100 2735 1275 2803 materiam.

362 2931 396 2980 10
413 2941 467 2981 nec
483 2926 536 2984 1³:
530 2942 607 2982 ·vec
662 2935 692 2981 11
713 2927 886 2988 Priscillae·
905 2927 1061 2997 priscillam
1123 2935 1157 2983 16
1175 2944 1301 2987 ιιιιιιιιςτ

285 3014 393 3124 ἒιαξῧιιξ
424 3012 470 3052 me
500 2995 594 3062 virum
626 2999 769 3056 Krohniua
896 3005 928 3052 17
955 3003 1064 3055 tamen:
1091 3001 1186 3054 tamen
1214 2999 1302 3053 talem
1380 3070 1382 3075 ,

380 3085 427 3123 coe
