3317 4434
658 432 842 488 suvueuu
859 432 889 487 s.
905 434 938 502 v,
953 440 977 488 a.

315 578 1147 750 deffifflallld'qllifflhil

317 755 376 820 ille
398 753 480 841 dies,
502 757 659 838 quantum
681 753 790 838 potuit
812 753 989 838 dempsisse
1011 758 1169 820 senectae!
1273 774 1326 821 230

317 863 394 908 num
417 842 503 927 quod
521 863 576 907 me
597 842 701 907 mixte
724 864 860 926 quereus
881 864 946 907 non
968 843 1086 927 pressit
1108 845 1206 928 olive,

319 937 351 996 et
373 930 460 1018 fugit
482 934 631 1015 speratus
652 931 769 997 honos:
804 952 902 1015 quesn
924 931 1015 996 duloe
1037 933 1182 1015 parentis

319 1019 428 1085 invida
450 1019 568 1104 Tarpei
590 1022 733 1104 saperes!
755 1024 789 1084 te
810 1023 922 1085 nostre
944 1019 1100 1106 magistro

320 1107 462 1173 Thebais
482 1108 644 1195 urmhst
666 1108 846 1192 priscorum
868 1108 998 1173 exordis
1019 1113 1141 1192 vetum3

320 1202 357 1262 tu
380 1199 494 1260 eentus
517 1195 683 1262 sumulsm
705 1218 807 1281 meos,
829 1200 867 1260 tu
890 1196 1029 1280 pendere
1051 1197 1136 1260 fests
1273 1214 1326 1262 ese

318 1285 455 1349 heroum
478 1283 620 1368 bellique
641 1285 754 1350 modos
777 1284 967 1370 positusque
989 1285 1132 1350 looorunr

319 1372 531 1438 monstrabas
575 1372 666 1437 lubet
687 1373 809 1438 incerto
832 1373 913 1437 mihi
935 1373 1038 1438 limite
1061 1395 1171 1438 sursus

319 1468 351 1526 te
374 1461 444 1526 sine
466 1465 501 1526 et
523 1461 655 1526 orbetee
678 1461 819 1548 caligent
843 1461 912 1525 vele
934 1462 1068 1527 oerinse.

318 1572 377 1615 neo
400 1549 507 1615 solum
527 1549 620 1636 lorge
640 1554 760 1615 memet
782 1550 905 1634 pietate
927 1550 1073 1615 fovebas:

319 1638 394 1704 talis
418 1643 451 1703 et
472 1637 508 1703 in
528 1637 697 1703 thalamos.
742 1660 806 1702 rma
828 1638 892 1702 tibi
915 1639 1045 1725 eognits
1065 1638 1160 1703 teede
1275 1656 1327 1703 seo

320 1726 578 1813 conubis,nn11s
600 1748 697 1792 emor.
742 1731 828 1791 eerte
851 1726 1018 1813 seiungere
1040 1731 1177 1791 matrem

320 1817 385 1881 iem
407 1814 524 1902 gelidis
544 1835 672 1899 nequeo
695 1816 814 1899 bustis3
836 1818 869 1879 te
893 1815 991 1879 sentit
1011 1815 1189 1900 habetque,

320 1909 352 1969 te
373 1903 464 1969 videt
480 1906 518 1969 et
540 1903 681 1968 tumulos
704 1908 843 1988 ortuque
865 1903 1021 1987 obituque
1043 1905 1176 1988 salutat,

320 1996 357 2058 ut
378 1991 516 2058 P-hsrios
538 1991 619 2056 eliae
640 1992 716 2056 fiete
738 1993 861 2076 pietate
884 1991 1010 2057 dolores

319 2079 576 2168 Mygdoniosque
598 2081 708 2146 eolunt
730 2085 763 2145 et
784 2103 851 2145 non
872 2103 931 2145 sue
952 2081 1065 2146 funera
1087 2081 1225 2165 plorent.
1275 2099 1327 2145 545

322 2170 400 2255 quid
422 2170 558 2235 referem
576 2169 747 2253 expositos
769 2173 895 2234 servato
918 2170 1059 2253 pondere
1080 2169 1207 2234 mores?

322 2279 403 2343 quse
421 2257 535 2343 pietus
554 2278 650 2342 quum
667 2257 731 2322 vile
747 2257 882 2343 luorum,
900 2279 982 2342 quee
1001 2280 1076 2322 oure
1093 2257 1234 2341 pudoris,

322 2349 462 2432 quantus
479 2367 569 2411 amor
585 2345 686 2410 rsoti?
721 2368 905 2430 rursusque,
923 2346 981 2410 ubi
998 2345 1090 2410 dulee
1108 2344 1239 2428 remitti,
1374 2389 1377 2396 -

321 2435 428 2522 gretie
450 2455 531 2519 ques
555 2433 669 2499 dietis?
706 2436 812 2500 animo
838 2456 934 2519 quum
956 2433 1045 2498 nulle
1067 2433 1234 2498 senectus?

320 2523 372 2589 his
394 2522 458 2587 tibi
480 2545 540 2607 pro
562 2522 686 2587 meritis
708 2523 827 2588 famem
849 2522 1022 2606 laudesque
1045 2521 1203 2607 benignas
1275 2536 1326 2584 250

319 2611 418 2677 iudex
440 2633 516 2676 oure
538 2611 633 2676 deum
653 2611 809 2696 nulloque
833 2634 850 2676 e
872 2610 1003 2676 vulnere
1026 2610 1152 2675 tristem

321 2699 487 2801 consessit:
531 2699 668 2801 reperis,
690 2701 832 2787 genitor,
852 2721 920 2764 non
919 2699 1071 2801 indigus
1093 2699 1177 2782 sevi,

319 2811 387 2854 non
407 2786 540 2873 nimius,
561 2787 719 2873 trinisque
740 2789 849 2853 decem
873 2788 1090 2873 quinquennia
1111 2787 1223 2853 lustris

319 2879 432 2943 innota
453 2876 567 2941 ferens.
613 2877 670 2942 sed
690 2899 742 2941 me
764 2877 870 2961 pistus
891 2898 1058 2942 numerere
1077 2876 1235 2961 dolorque

319 2988 388 3032 non
410 2965 501 3051 sinit,
524 2987 543 3030 o
565 2964 676 3050 Pylias
697 2966 768 3030 esui
786 2965 1013 3031 transcendere
1035 2969 1139 3030 metes
1277 2981 1328 3029 ees

322 3058 356 3120 et
377 3053 518 3119 'l'euoros
536 3074 677 3138 ‘aequm
700 3075 806 3137 senes,
830 3077 849 3119 o
874 3054 969 3140 digne
991 3053 1098 3118 videre

321 3165 374 3209 me
396 3141 548 3207 similem!
585 3143 641 3206 sed
662 3164 722 3206 nee
743 3142 801 3207 leti
824 3142 887 3208 tibi
909 3142 1005 3206 ianus
1025 3141 1146 3206 tristis:

321 3231 445 3316 quippe
468 3230 555 3296 leves
573 3253 699 3315 causae,
717 3253 776 3295 nee
799 3231 908 3317 segnis
930 3229 1005 3293 labe
1027 3229 1120 3294 senili

388 3428 446 3506 222
465 3438 551 3506 quern
568 3423 721 3478 Βοιὴοοοο·
742 3439 802 3491 que
873 3422 954 3476 dulee
972 3421 1044 3491 (lese
1062 3439 1074 3474 s
1093 3421 1142 3490 11¹)
1214 3419 1328 3472 25315-

320 3495 402 3578 vides
425 3492 510 3549 duvia
527 3494 648 3549 Misius
737 3499 788 3547 235
806 3495 839 3546 tu
857 3493 909 3548 1¹·
903 3494 979 3547 t=uu
1065 3497 1117 3545 241
1138 3490 1328 3560 seiungeres.

322 3566 347 3621 si
364 3564 482 3636 iungere
544 3570 596 3618 242
613 3567 688 3620 teo:
708 3566 737 3618 et
803 3568 854 3618 251
873 3563 972 3619 Iudex.
990 3562 1094 3617 vindex
1108 3563 1150 3618 ed.
1168 3562 1277 3616 Aldine

317 3636 446 3693 m.
469 3634 565 3690 tristes
578 3636 781 3692 Marliaudes:
805 3637 838 3690 de
856 3636 957 3690 ῑοοοοο
964 3641 1035 3716 post
1051 3635 1164 3688 husus
1182 3633 1330 3712 οίοίοοοᾱο

316 3709 454 3781 'septusis
467 3706 611 3762 Krohnios
664 3710 716 3760 255
733 3704 913 3774 trinisques:
933 3704 1071 3774 trinisque
1125 3708 1176 3757 258
1190 3701 1329 3773 segnius

322 3795 423 3851 segnes
494 3776 572 3834 lebe-
590 3778 657 3833 tabe
677 3777 831 3833 Gronovius
