3317 4434
670 420 700 474 P.
719 419 843 474 PAPINI
862 419 978 474 sulm

409 565 527 631 iuravit
549 564 612 630 tibi
635 564 700 629 iam
721 564 837 630 nivalis
862 562 991 646 Arctus,

408 677 494 720 nunc
515 675 651 740 magnos
669 651 783 719 Oriens
806 653 898 718 dabit
920 653 1111 737 triumphos.

411 744 475 808 ibis
498 766 561 828 qua
583 765 684 829 vagus
706 741 863 807 Hercules
886 745 919 807 et
941 741 1057 806 Euhan
1268 751 1306 802 155

409 833 495 898 ultra
517 832 621 897 sidera
642 832 890 915 flammeumque
913 830 1014 896 solem

409 925 442 986 et
463 921 533 988 Nili
555 924 654 1005 caput
677 924 710 985 et
731 919 821 985 nives
844 918 996 1004 Atlantis,

409 1014 441 1075 et
464 1010 596 1075 laudum
619 1009 746 1074 cumulo
771 1009 886 1074 beatus
910 1009 997 1073 omni

408 1099 540 1164 scandes
563 1097 701 1185 belliger
723 1097 909 1182 abnuesque
932 1119 1056 1182 currus3

407 1188 508 1253 donec
530 1187 662 1253 Troicus
685 1186 771 1274 ignis
794 1191 827 1251 et
849 1189 979 1252 renatae
1271 1197 1309 1247 155

407 1276 563 1362 Tarpeius
585 1279 679 1360 pater
700 1275 864 1340 intonabit
887 1274 993 1360 aulae,

408 1365 488 1430 haec
510 1364 611 1429 donec
633 1363 685 1428 via
708 1369 740 1428 te
763 1368 897 1451 regente
919 1368 1022 1429 terras

408 1476 528 1519 annosa
551 1453 654 1540 magis
676 1451 787 1536 Appia
809 1453 975 1518 senescat?

796 1717 850 1783 IV.

477 1857 653 1914 EPISTOLA
671 1858 722 1912 AD
740 1857 923 1913 VITORIUM
940 1857 1173 1913 Memnonen.

387 1984 484 2050 Curre
502 2007 562 2070 per
579 1985 742 2050 Euboicos
760 2006 827 2050 non
846 1985 962 2072 segnis,
981 1984 1067 2069 epist
1068 1985 1129 2071 olo,
1147 1994 1278 2070 campos

325 2074 415 2138 hac
406 2097 551 2162 ingressa
573 2073 638 2157 515,
662 2097 725 2159 qua
747 2074 868 2139 nobilis
891 2072 1001 2159 Appia
1024 2074 1139 2140 crescit

321 2163 356 2228 in
377 2164 424 2228 lat
409 2166 463 2227 tus
486 2167 519 2229 et
504 2162 654 2228 tmolles
677 2163 798 2227 solidus
820 2163 941 2248 premit
958 2185 1059 2249 agger
1075 2163 1220 2229 harenas

323 2257 420 2336 atque
445 2252 502 2316 ubi
524 2251 698 2317 Romuleos
720 2251 815 2317 velox
838 2251 1056 2336 penetraveris
1079 2274 1181 2337 arces,
1350 2324 1352 2333 ,

323 2341 475 2407 55151115
499 2341 576 2405 dext
561 2344 628 2406 tras
650 2340 725 2405 flavi
747 2344 805 2425 pet
806 2363 823 2405 e
842 2340 1019 2426 Thybridis
1041 2363 1126 2427 oras,
1299 2350 1310 2398 5
1350 2386 1352 2411 ι

322 2430 424 2514 Lydia
447 2453 510 2515 qua
532 2429 660 2515 penitus
683 2433 835 2516 stagnum
857 2429 971 2494 navale
994 2434 1119 2495 coercet

321 2519 394 2603 ripa
417 2518 676 2602 suburbanisque
698 2519 815 2583 vadum
837 2517 1172 2603 praetexitur'hortis.
1350 2576 1352 2607 ÷

321 2607 393 2672 illie·
411 2607 577 2694 egregium
599 2607 766 2691 formaque
789 2606 970 2691 animisque
991 2606 1118 2673 videbis
1350 2626 1352 2659 ¹

320 2695 509 2760 Marcellum
532 2700 564 2760 et
587 2696 671 2760 celso
695 2696 899 2782 praesignem
921 2695 1039 2761 vertice
1061 2717 1184 2762 nosces.

321 2784 372 2848 cui
395 2784 533 2868 primam
556 2783 652 2849 solito
675 2785 764 2871 vulgi
788 2784 827 2849 de
850 2805 940 2849 more
964 2784 1113 2871 salutem,
1286 2793 1310 2844 10

321 2894 396 2936 mox
414 2872 537 2936 inclusa
555 2873 658 2936 modis
676 2872 755 2937 haec
772 2873 904 2937 reddere
921 2873 1021 2938 verba
1039 2836 1214 2940 merirento:

391 2959 466 3025 iam
485 2965 588 3025 terras
605 2960 831 3045 volucremque
849 2962 961 3047 polum
979 2961 1058 3063 fuga
1075 2963 1160 3028 veris
1178 2958 1282 3047 aquosi

320 3049 408 3113 laxat
393 3052 465 3114 tet
486 3047 597 3114 Icariis
620 3049 743 3114 caelum
765 3050 812 3115 lat
798 3054 864 3115 ttra
849 3050 939 3115 tibus
961 3050 1039 3136 urit;

321 3138 452 3203 ardua
442 3160 507 3202 ram
529 3138 645 3203 densae
667 3144 832 3204 rarescunt
855 3139 982 3205 moenia
1004 3138 1134 3205 Romae

319 3227 379 3292 hos
396 3225 550 3292 Praenest
535 3231 568 3292 te
586 3249 724 3312 sacrum,
747 3250 860 3293 nemus
878 3228 939 3294 hos
956 3227 1091 3315 glaciale
1109 3227 1240 3316 Dianae,
1286 3233 1309 3287 1⁵

391 3425 442 3475 157
462 3422 491 3475 55
503 3420 576 3476 Nili:
596 3421 634 3475 ad
646 3420 707 3475 Nili
720 3421 903 3490 Brandeeicc,
921 3439 969 3492 qm
987 3439 1011 3477 5
1027 3425 1078 3476 158
1097 3429 1161 3478 orate
1181 3427 1230 3476 151
1247 3416 1309 3476 euo-

319 3494 380 3547 cari
397 3493 472 3548 iubet
535 3496 585 3546 159
605 3492 771 3552 scandessr
791 3465 903 3547 Sandes’
962 3497 1013 3547 162
1031 3495 1197 3565 regentes·
1215 3486 1309 3563 gerente

391 3568 441 3617 155
460 3565 600 3618 senescat.
620 3565 747 3617 senescet
764 3564 900 3620 Heinsius

389 3634 436 3692 IV.
455 3652 605 3689 11155511·
620 3652 861 3690 115··51515111511
876 3652 1031 3690 1115111511
1103 3634 1186 3691 2515
1200 3633 1309 3691 Votum

318 3703 380 3758 vias
487 3705 664 3760 5551511115
771 3705 866 3761 8illic
885 3723 914 3766 5:
940 3706 1004 3762 Ille:
1027 3704 1096 3762 illac
1114 3706 1255 3764 1155555555

319 3775 455 3831 95515155
528 3783 561 3830 10
580 3776 711 3848 primam:
730 3777 887 3846 primums
960 3783 993 3831 13
1012 3774 1204 3834 lantrantibus
