3317 4434
323 433 367 497 82
677 433 707 486 P.
726 433 850 486 PAPINI
869 432 986 487 STATII

323 579 469 643 Fortuna
491 578 657 663 redeunte,
679 578 794 662 pater?
830 578 926 641 modo
948 577 1082 641 numina
1105 577 1216 664 magni

325 666 483 752 praesidis
505 670 602 750 atque
626 667 740 732 breves
763 688 916 750 superum
938 665 1136 750 placavimus
1155 666 1231 752 iras,

323 778 384 821 nee
405 755 522 820 frueris
543 755 690 839 tantique
714 755 849 820 orbatus
871 755 1012 819 muneris
1035 777 1095 819 usu
1277 768 1316 818 199

324 846 364 909 ad
386 867 510 928 manes,
532 844 672 930 ingrate,
694 844 790 931 fugis.
835 866 894 908 nec
917 845 1045 908 flectere
1068 844 1185 909 Parcas

323 938 380 998 aut
402 934 527 1018 placare
550 932 652 997 malae
676 932 771 997 datur
792 955 905 1016 aspera
927 932 1060 997 numina
1082 933 1223 998 Lethes?

325 1022 417 1107 felix,
441 1023 492 1087 cui
514 1045 632 1108 magna
654 1025 781 1106 patrem
804 1021 927 1086 cervice
950 1021 1079 1086 vehenti

325 1133 413 1176 sacra
435 1112 626 1195 Mycenaeae
649 1111 757 1194 patuit
780 1111 959 1175 reverentia
977 1112 1136 1175 flammae!

325 1200 443 1285 quique
466 1204 558 1264 tener
580 1199 682 1264 saevis
705 1199 887 1286 genitorem
909 1198 1018 1283 Scipio
1041 1199 1161 1264 Poenis
1277 1214 1318 1262 199

323 1288 460 1354 abstulit
483 1292 515 1353 et
537 1288 619 1372 Lydi
643 1288 747 1372 pietas
770 1288 941 1353 temeraria
962 1288 1068 1353 Lausi.

323 1401 400 1465 ergo
424 1382 456 1442 et
479 1377 654 1441 Thessalici
677 1377 817 1441 coniunx
840 1399 976 1461 pensare
998 1376 1107 1442 mariti

323 1468 420 1532 funus
444 1470 475 1530 et
498 1465 656 1530 immitem
678 1466 787 1549 potuit
810 1465 914 1553 Styga
936 1466 1063 1531 vincere
1086 1467 1226 1550 supplex

322 1555 500 1620 Thracius?
522 1555 584 1619 hoc
604 1559 726 1639 quanto
744 1555 859 1620 melius
878 1576 939 1638 pro
958 1559 1051 1639 patre
1068 1554 1193 1619 liceret!

321 1667 388 1709 non
410 1646 500 1707 totus
522 1643 645 1726 rapiere
669 1647 786 1727 tamen,
808 1666 868 1708 nee
890 1645 1003 1708 funera
1025 1643 1154 1708 mittam
1278 1660 1324 1708 199

322 1732 465 1818 longius,
488 1731 541 1796 hic
563 1755 689 1816 manes,
711 1733 764 1797 hic
786 1732 873 1797 intra
894 1736 982 1798 tecta
1004 1732 1137 1798 tenebo:

322 1826 359 1885 tu
382 1825 490 1885 custos
513 1821 724 1905 dominusque
746 1821 839 1904 laris,
862 1821 925 1886 tibi
949 1825 1064 1886 cuncta
1085 1825 1216 1886 tuorum

322 1910 496 1994 parebunt3
519 1932 579 1996 ego
602 1910 663 1975 rite
686 1910 793 1975 minor
815 1932 1005 1995 semperque
1028 1910 1186 1975 secundus

322 1998 465 2063 assiduas
487 1998 599 2063 libabo
623 1999 723 2082 dapes
746 2003 778 2063 et
801 1999 918 2083 pocula
941 2000 1038 2064 sacris

322 2087 473 2152 manibus
496 2087 683 2174 effigiesque
707 2088 824 2153 colam:
860 2093 893 2152 te
915 2088 1021 2152 lucida
1044 2110 1134 2172 saxa,
1279 2105 1330 2154 999

321 2182 354 2241 te
378 2176 516 2241 similem
539 2176 649 2241 doctae
672 2176 790 2241 referet
812 2176 894 2241 mihi
916 2177 1001 2241 linea
1024 2199 1127 2261 cerae,

321 2288 407 2330 nunc
430 2266 512 2331 ebur
534 2269 567 2329 et
589 2265 714 2329 fulvum
736 2265 846 2330 vultus
868 2265 1053 2331 imitabitur
1074 2288 1196 2331 aurum.

324 2354 398 2418 inde
420 2354 506 2419 viam
528 2377 655 2419 morum
677 2354 858 2440 longaeque
882 2354 1029 2419 examina
1050 2354 1136 2419 vitae

322 2444 512 2528 adfatusque
536 2443 608 2527 pios
631 2443 857 2527 monituraque
880 2443 1005 2507 somnia
1027 2443 1181 2527 poseam’

387 2533 466 2597 talia
488 2532 647 2597 dicentem
670 2532 800 2617 genitor
814 2532 988 2617 ,dulcedine
1011 2532 1097 2597 laeta
1278 2550 1327 2598 999

322 2621 412 2685 audit
436 2624 469 2684 et
491 2621 632 2685 immites
654 2621 741 2685 lente
766 2620 929 2685 descendit
952 2621 992 2685 ad
1014 2621 1147 2686 umbras

320 2709 483 2792 verbaque
506 2709 641 2772 dilectae
664 2711 729 2773 fert
750 2712 939 2774 narraturus
960 2709 1123 2775 Etruscae.

388 2797 473 2861 salve
497 2819 696 2884 supremum,
719 2798 826 2862 senior
848 2797 1017 2864 mitissime
1040 2803 1184 2885 patrum,

323 2906 572 2970 supremumque
594 2885 679 2969 vale,
703 2887 758 2970 qui
781 2909 958 2970 numquam
981 2887 1104 2972 sospite
1126 2893 1203 2953 nato
1251 2895 1255 2904 '

320 2975 413 3038 triste
436 2974 533 3038 chaos
556 2975 734 3058 maestique
757 2975 840 3040 situs
863 2975 987 3060 patiere
1011 2977 1160 3060 sepulcri.
1277 2993 1324 3041 919

321 3085 447 3146 semper
470 3062 611 3127 odoratis
633 3063 805 3147 spirabunt
828 3065 964 3130 floribus
987 3087 1072 3150 arae,

320 3174 447 3235 semper
470 3155 502 3215 et
524 3151 676 3236 Assyrios
698 3153 776 3218 felix
800 3153 893 3218 bibet
916 3176 997 3218 uma
1018 3154 1161 3239 liquores

320 3244 353 3304 et
375 3240 534 3326 lacrimas,
559 3241 615 3326 qui
637 3242 740 3306 maior
762 3243 873 3308 honos.
919 3242 972 3308 hic
996 3265 1085 3308 saera
1106 3242 1219 3308 litabit

320 3329 471 3394 manibus
494 3352 574 3415 eque
598 3335 654 3394 tua
677 3332 838 3396 tumulum
861 3331 976 3396 tellure
999 3331 1129 3396 levabit.

391 3582 440 3631 189
459 3576 617 3632 reverentia
636 3593 665 3635 ςι
684 3576 810 3630 reventia
892 3583 940 3631 191
960 3577 1033 3647 Lydi
1051 3593 1082 3637 ςε
1099 3577 1169 3632 liebi
1184 3579 1237 3647 (vel
1253 3573 1322 3643 lidii)

390 3654 440 3702 201
460 3665 540 3703 cerae
559 3665 588 3706 ςε
608 3647 683 3701 obt&
755 3654 806 3701 202
825 3648 935 3704 fulvum
953 3667 982 3708 5:
1001 3648 1111 3702 fuulum
1168 3653 1222 3703 sol
1238 3645 1321 3702 moni·

318 3721 437 3787 turaque
457 3738 482 3775 o:
505 3717 696 3786 morituraque
804 3724 857 3773 207
876 3722 964 3774 cetret
980 3722 1013 3774 in
1032 3737 1081 3791 mp.
1100 3719 1142 3772 11¹
1160 3723 1273 3790 (specta
1288 3716 1321 3771 ad

317 3808 342 3845 v.
356 3793 422 3858 201)
512 3795 563 3842 210
583 3788 653 3843 situs
673 3807 702 3848 ς;
729 3789 804 3844 sities
892 3797 943 3845 214
962 3790 1102 3845 tumulum
1120 3807 1150 3850 ςι
1175 3789 1320 3846 tumultum
