3317 4434
660 447 847 504 envenuu
864 447 894 502 L.
910 447 942 515 V,
957 455 982 501 7.
1258 448 1318 513 131

316 596 453 660 libertas
474 596 649 677 properata
671 593 779 679 togae!
815 613 874 657 ceu
895 592 1003 657 nescia
1024 592 1117 658 falcis

315 683 397 748 silva
419 703 528 748 comas
549 679 637 745 tollit
659 681 864 764 fr'uctumque
887 680 1016 763 expirat
1039 680 1072 744 in
1095 682 1234 747 umbras.
1290 700 1323 747 ro

316 777 349 836 at
370 771 435 836 tibi
458 767 583 834 Pieriae
604 772 717 835 tenero
740 769 801 834 sub
824 773 955 853 pectore
978 791 1072 833 curae

317 865 348 924 et
371 859 477 944 pudor
499 861 534 922 et
554 857 641 923 docti
663 856 770 943 legem
793 856 856 921 sibi
879 856 985 922 dicere
1008 879 1126 943 moree3

317 953 392 1013 tnnc
415 945 528 1013 hilaris
549 945 697 1029 probitas
716 950 749 1010 et
771 945 861 1013 frons
883 945 1058 1030 tranquille
1078 945 1227 1031 nitorque

316 1034 461 1101 luxuriae
483 1034 608 1099 confine
630 1037 744 1099 tenens
766 1032 935 1118 pietasque
957 1057 1016 1117 per
1039 1056 1148 1101 omnes

319 1125 504 1209 dispensata
517 1121 650 1206 nrodoa3
672 1144 834 1206 aequaevo
859 1122 969 1187 cedere
991 1123 1084 1189 fratri
1290 1143 1322 1189 75

318 1211 491 1295 mirarique
513 1213 640 1295 patrem
662 1210 861 1294 miseraeque
884 1210 1050 1297 ignoscere
1072 1211 1183 1294 matri,

318 1299 484 1366 admonuit
505 1299 636 1367 fortuna
657 1299 779 1365 domus.
824 1299 928 1365 tibine
950 1300 1008 1366 illa
1029 1300 1166 1367 nefanda

319 1388 434 1474 pocula
454 1386 634 1472 letalesque
656 1409 753 1453 manu
776 1409 968 1472 componere
992 1411 1085 1454 sucos

319 1476 450 1562 evaluit,
473 1475 530 1560 qui
552 1497 629 1541 voce
651 1480 747 1561 potes
768 1481 970 1559 praevertere
993 1499 1119 1543 morsus

319 1566 506 1650 serpentuin
524 1568 625 1649 alque
648 1563 753 1631 omnis
773 1565 867 1629 vultu
889 1565 1016 1648 placere
1038 1566 1211 1631 novercas?
1288 1583 1322 1630 so

320 1653 470 1720 infestare
492 1652 576 1719 libet
596 1674 707 1720 manes
729 1652 909 1737 meritoque
932 1658 1065 1736 precatu

321 1764 431 1827 pacem
452 1740 578 1809 auferre
600 1741 701 1827 rogis3
723 1741 780 1806 sed
802 1745 848 1824 te,
870 1763 952 1824 puer
974 1741 1110 1828 optime,
1133 1764 1226 1809 cerno

320 1832 501 1896 flectentem
521 1829 617 1896 iustis
638 1833 673 1895 et
695 1829 774 1895 talia
795 1829 882 1895 dicta
903 1835 1084 1912 parantem:

321 1919 434 2004 ‘parce
452 1939 575 2003 precor,
591 1917 704 1985 cineri:
723 1919 826 1985 fatum
845 1917 926 1983 illud
943 1923 976 1982 et
994 1918 1042 1985 ira
1059 1924 1231 1987 nocentum

321 2006 489 2073 Parcarum
512 2006 696 2091 crimenque
719 2006 783 2090 dei,
804 2006 955 2073 mortalia
978 2006 1122 2091 quisquis
1290 2025 1324 2073 eo

322 2100 451 2180 pectora
473 2116 544 2162 sero
566 2095 654 2160 ridet
675 2116 735 2161 nec
758 2094 864 2180 primo
887 2094 922 2160 in
943 2095 1054 2161 limine
1076 2096 1163 2162 sistit

322 2188 452 2251 conatus
474 2183 631 2249 scelernm
652 2187 749 2268 atque
769 2183 894 2249 animos
916 2183 1047 2249 infanda
1068 2188 1226 2268 parantes.

324 2273 447 2339 excidat
468 2270 529 2339 iun
544 2271 615 2339 lies
636 2293 715 2337 aevo
737 2294 797 2339 nec
818 2277 950 2356 postera
972 2272 1104 2339 credant

322 2360 457 2426 aaecralel
491 2381 552 2425 nos
574 2364 660 2426 certe
683 2366 845 2426 taceamus
868 2365 901 2425 et
923 2361 1041 2426 obruta
1062 2359 1165 2425 multa

321 2453 413 2515 nocte
434 2448 504 2535 tegi
526 2448 677 2533 propriae
699 2449 861 2533 patiamur
883 2448 1017 2515 crimina
1039 2447 1153 2534 gentis.
1290 2466 1323 2514 eo

323 2537 428 2625 exegit
450 2558 584 2623 poenas,
605 2537 774 2604 hommum
796 2537 848 2602 cui
870 2559 947 2601 cura
968 2558 1113 2620 suorum,

324 2647 382 2710 qno
405 2625 517 2691 Pietas
537 2629 668 2691 emtore
690 2625 775 2693 redit
796 2629 963 2709 terrasque
986 2623 1112 2710 revisit,

323 2736 414 2799 quem
427 2713 522 2779 timet
535 2735 630 2781 omne
642 2714 741 2780 nefas.
773 2713 854 2779 satis
866 2713 945 2780 haec
958 2712 1214 2798 lacrimandaque
1227 2714 1324 2781 nobis
1407 2763 1412 2773 .

322 2803 410 2868 ultio.
456 2802 535 2886 quin
555 2823 667 2869 saevae
690 2804 814 2869 utinam
838 2824 970 2869 exorare
993 2802 1104 2871 liceret

321 2889 514 2957 Eumenidas
530 2890 725 2975 unicaeque
741 2895 886 2957 avertere
904 2890 1068 2957 Cerberon
1085 2892 1218 2959 rnbme
1288 2909 1323 2957 eo

322 2978 601 3064 immemoremque
624 2979 691 3044 tuis
708 2979 804 3047 citius
826 2979 901 3045 dare
919 2979 1068 3047 manibus
1087 2981 1236 3048 amnon?

322 3072 423 3133 macte
441 3067 561 3152 aueo,
579 3067 717 3135 iuvenis!
736 3069 793 3135 sed
810 3072 957 3136 ueseunt
974 3068 1108 3137 erimina
1125 3068 1246 3137 matris.

322 3177 376 3222 nec
395 3159 524 3257 tanturn
543 3154 665 3257 pietas,
687 3156 742 3221 sed
764 3156 915 3240 protinus
933 3156 1033 3257 ardua
1049 3157 1151 3225 vitea

322 3245 468 3310 affectata
490 3244 561 3308 trbr.
606 3266 709 3329 nuper
732 3267 803 3310 cum
826 3245 910 3309 forte
933 3244 1050 3310 sodahs

321 3370 531 3380 ——-———-

390 3440 425 3490 ‘18
442 3437 523 3493 tunc:
540 3434 606 3491 hinc
624 3435 764 3491 nauem
836 3441 869 3490 74
887 3439 997 3493 tenens:
1015 3436 1118 3493 timens
1136 3437 1270 3494 aarum

322 3510 353 3560 76
370 3506 470 3563 nudos
487 3504 632 3563 Mese:
650 3505 748 3561 domos
825 3510 858 3559 77
876 3507 998 3562 nefondn
1052 3512 1086 3564 79
1103 3508 1276 3587 praevertere
1295 3510 1322 3575 (v

319 3581 383 3635 at
400 3577 441 3633 1²
536 3580 569 3630 ⁸1
588 3575 744 3644 meritoque
761 3593 792 3636 5:
810 3576 965 3646 martisque
1054 3583 1088 3633 84
1105 3593 1149 3631 rra
1165 3594 1193 3630 c:
1211 3575 1252 3631 ire

318 3653 352 3703 88
370 3646 434 3705 cxci
501 3645 555 3703 illa
572 3645 633 3703 dies
650 3663 720 3702 aero
740 3649 890 3704 Acontius:
909 3648 1022 3703 Excitat
1039 3648 1091 3704 illa
1105 3647 1154 3703 die
1171 3662 1256 3702 saevo

318 3723 352 3774 08
371 3716 443 3775 salis
461 3734 492 3779 e:
509 3717 578 3776 aas
648 3723 682 3774 97
701 3717 763 3774 sed:
782 3717 858 3778 sicr
929 3723 962 3773 99
982 3718 1087 3775 sodalis
1106 3749 1138 3758 -
1157 3717 1276 3788 palleret
1294 3737 1322 3771 o:

317 3788 430 3845 wdalea
448 3820 482 3830 —
499 3787 640 3859 pallerent

1129 3877 1164 3930 9*
