3317 4434
607 1038 641 1102 P.
665 1037 815 1104 PAPINI
837 1037 977 1105 STATH

538 1183 1057 1266 SILVARUM

699 1357 892 1422 amaran.

492 1603 641 1658 STATIUS
659 1603 812 1658 MELIORI
830 1603 899 1658 SUO
919 1603 1097 1659 SALUTEM.

353 1731 399 1796 Et
429 1730 633 1796 familiaritas
669 1736 781 1795 nostra
818 1752 881 1814 qua
919 1731 1056 1817 gaudeo,
1088 1731 1219 1815 Melior,
1251 1731 1301 1795 vir
1337 1750 1352 1796 c

285 1820 411 1906 optime
434 1842 494 1885 nec
515 1819 622 1884 minus
645 1818 679 1883 in
701 1817 819 1884 iudicio
842 1819 1024 1884 litterarum
1044 1842 1141 1903 quam
1160 1820 1195 1884 in
1213 1821 1300 1884 omni

285 1910 374 1974 vitae
398 1910 504 1974 colore
527 1907 711 1990 tersissime,
734 1908 862 1993 etipsa
885 1908 1115 1993 opusculorum
1137 1931 1219 1992 quae
1238 1909 1301 1973 tibi

285 1999 380 2064 trado
405 1997 548 2062 condicio
572 1995 618 2061 sic
644 1995 751 2081 posita
779 2001 828 2061 est
852 2002 888 2062 ut
911 2001 1001 2062 totus
1024 1996 1077 2062 hic
1100 1997 1140 2062 ad
1162 2001 1195 2061 te
1218 1997 1301 2062 liber

286 2109 381 2152 meus
403 2087 501 2150 etiam
525 2084 593 2150 sine
616 2084 754 2169 epistola
774 2089 907 2170 spectet.
938 2086 1079 2171 primum
1098 2086 1184 2150 enim
1202 2087 1301 2150 habet

286 2175 454 2241 Glauciam
476 2177 634 2259 nostrum,
647 2173 738 2238 cuius
752 2173 969 2260 gratissimam
983 2173 1162 2259 infantiam,
1177 2177 1209 2238 et
1224 2197 1301 2258 qua·
1321 2193 1354 2240 10

285 2265 352 2328 lem
371 2264 559 2349 plerumque
582 2261 726 2327 infelices
744 2262 933 2346 sortiuntur,
956 2263 1042 2346 apud
1061 2265 1094 2325 te
1116 2263 1301 2347 complexus

286 2352 445 2417 amabam.
462 2351 528 2415 iam
537 2373 603 2415 non
612 2350 674 2414 tibi
684 2374 816 2412 *arae*
826 2349 923 2414 huius
933 2349 1043 2413 amissi
1054 2371 1164 2414 recens
1177 2351 1302 2435 vulnuS,

286 2445 325 2505 ut
353 2441 429 2526 scis,
457 2438 599 2524 epicedio
623 2443 813 2524 prosecutus
837 2460 907 2503 sum
931 2438 1009 2502 adeo
1032 2437 1238 2524 festinanter,
1264 2444 1301 2504 ut

287 2529 503 2594 excusandam
525 2527 694 2592 habuerim
717 2527 886 2592 affectibus
908 2527 974 2592 tuis
997 2527 1202 2592 celeritatem.
1242 2551 1301 2592 nec

285 2639 374 2682 nunc
397 2639 467 2681 eam
490 2617 576 2701 apud
598 2620 631 2680 te
654 2617 752 2703 iacto,
781 2616 837 2700 qui
860 2615 960 2699 nosti,
983 2616 1038 2680 sed
1061 2620 1094 2680 et
1117 2617 1232 2682 ceteris
1255 2616 1300 2681 in·
1321 2632 1354 2680 15

285 2706 372 2790 dico,
403 2728 444 2770 ne
476 2704 549 2790 quis
581 2705 740 2789 asperiore
771 2704 850 2769 lima
878 2727 1005 2770 carmen
1033 2704 1194 2770 examinet
1222 2711 1256 2770 et
1283 2730 1301 2770 a

284 2794 421 2859 confuso
445 2793 600 2879 scriptum
624 2798 656 2858 et
680 2794 803 2859 dolenti
826 2795 950 2880 datum,
974 2817 1047 2858 cum
1069 2816 1171 2879 paene
1194 2817 1301 2880 super-

283 2905 388 2948 vacua
411 2883 476 2947 sint
503 2883 595 2948 tarda
620 2882 747 2948 solacia.
795 2882 882 2948 Polli
910 2882 974 2946 mei
1006 2882 1083 2946 villa
1111 2881 1301 2948 Surrentina

284 2994 371 3057 quae
390 2972 543 3056 sequitur,
563 2972 674 3037 debuit
693 2994 712 3035 a
730 2993 781 3035 me
801 2973 853 3037 vel
871 2972 904 3036 in
923 2972 1077 3036 honorem
1098 2971 1301 3055 eloquentiae

284 3062 357 3126 eius
385 3060 572 3147 diligentius
595 3061 670 3145 dici,
698 3061 754 3126 sed
776 3060 898 3126 amicus
921 3059 1054 3147 ignovit.
1095 3058 1129 3124 in
1153 3061 1300 3125 arborem
1319 3078 1354 3125 uc

284 3154 374 3215 certe
392 3154 491 3234 tuam,
508 3149 632 3235 Melior,
652 3154 684 3214 et
705 3150 881 3235 psittacum
914 3149 976 3214 scis
995 3172 1014 3213 a
1030 3171 1082 3213 me
1101 3149 1188 3213 leves
1211 3148 1301 3213 libel-

359 3325 432 3377 8ad
449 3326 479 3378 to
505 3325 632 3380 Vollmer:
661 3325 751 3380 altae:
779 3325 888 3384 alters
996 3327 1141 3394 9spectet
1159 3325 1301 3380 Baehrens

285 3397 347 3476 (qui
374 3394 413 3448 ad
439 3397 467 3448 te
494 3397 539 3450 hic
566 3397 705 3464 inrorato:
739 3398 868 3464 expectet
941 3402 974 3450 10
993 3395 1185 3467 gratissimam
1208 3395 1301 3448 infan-

284 3469 359 3520 tiam
378 3481 408 3523 ςε
431 3465 594 3535 gratissima
611 3465 734 3520 infantia
820 3472 853 3519 12
869 3475 932 3536 post
950 3467 1008 3521 iam
1025 3483 1082 3521 non
1099 3465 1155 3520 tibi
1174 3469 1301 3522 lacunam

283 3538 386 3592 aaa:
414 3534 508 3597 iamne
525 3537 580 3591 tibi
598 3539 754 3593 Krohaiuc:
782 3536 842 3590 iam
859 3554 924 3593 vero
942 3538 1034 3598 tibir
1132 3537 1301 3592 151ucico

284 3611 317 3677 (n
334 3624 422 3676 cupra
441 3624 459 3660 u
476 3625 526 3663 scr.
546 3608 597 3678 1¹)
696 3613 729 3662 16
746 3607 947 3677 nequisnaquis
966 3611 1093 3680 (alteram
1110 3610 1162 3664 del.
1180 3609 1230 3680 ΠΙ)

284 3683 321 3732 18
340 3693 534 3747 supervacua
630 3685 662 3733 19
681 3679 816 3734 honorem
835 3696 863 3738 ςι
882 3680 987 3734 honore
1095 3685 1129 3734 21
1147 3680 1311 3750 psittacum

283 3750 384 3820 (priua
401 3751 415 3802 t
432 3750 483 3804 dcl.
502 3749 552 3818 Ψ)

336 3847 420 3886 Sum
432 3845 529 3887 Sam.
1152 3848 1171 3896 ’ὅ
