3317 4434
318 398 361 463 32
682 396 712 451 P.
731 395 855 449 5151555
874 394 979 449 suin

316 564 393 624 vota
414 563 524 622 tamen
546 558 695 622 Danaum
718 580 784 622 non
807 558 1001 643 intemptata
1022 557 1215 639 relinquam.
1299 579 1331 621 555
1380 559 1382 584 ¹

318 667 446 748 iamque
469 666 548 729 adeo
572 668 628 729 aut
651 665 753 728 aderit
776 687 904 729 mecum
922 664 1051 728 Peleius
1074 663 1182 745 heros,

317 775 374 835 aut
396 793 507 835 verum
531 772 660 855 penitus
682 772 763 834 latet
785 774 818 835 et
841 772 911 835 sine
934 770 1088 854 Apolline
1112 766 1273 839 Calchas',

408 879 612 942 conclamant
625 876 730 941 Danai
744 878 953 959 stimulatque
965 874 1169 962 Agamemno
1183 877 1334 939 volentes:

317 985 467 1047 laxantur
490 987 600 1049 coetus
624 985 829 1066 resolutaque
853 1005 1016 1047 murmure
1040 984 1127 1046 laeto

317 1090 448 1175 agmina
470 1090 647 1154 discedunt.
694 1089 805 1172 quales
829 1090 894 1153 iam
916 1093 1013 1153 nocte
1036 1088 1222 1172 propinqua
1302 1110 1335 1153 555

319 1218 337 1261 5
360 1200 456 1279 pastu
479 1197 661 1260 referuntur
684 1218 767 1278 5555,
789 1197 843 1259 551
866 1196 901 1258 in
923 1199 1016 1259 antra
1037 1194 1157 1258 reverti

319 1301 414 1367 melle
437 1324 522 1366 novo
547 1302 694 1388 gravidas
718 1302 807 1366 mitis
830 1302 919 1366 videt
941 1300 1052 1384 Hybla
1074 1304 1231 1366 catervas.

319 1431 379 1473 nec
401 1430 500 1491 mora,
523 1409 588 1471 iam
612 1408 739 1472 dextras
762 1406 923 1473 Ithacesia
947 1406 1097 1472 carbasus
1121 1428 1219 1471 auras

320 1514 435 1597 poscit,
458 1518 491 1578 et
513 1514 548 1577 in
570 1514 666 1578 remis
690 1514 802 1578 hilaris
827 1514 936 1579 sedere
959 1514 1119 1578 iuventus.

409 1623 442 1682 at
465 1620 578 1702 procul
601 1621 765 1684 occultum
787 1620 862 1684 falsi
885 1618 946 1684 sub
969 1618 1111 1705 imagine
1135 1640 1234 1687 sexus
1306 1642 1341 1684 555

319 1722 482 1789 Aeaciden
504 1725 590 1789 furto
614 1725 679 1790 iam
701 1730 836 1790 noverat
859 1749 924 1790 una
946 1726 1061 1790 latenti

320 1828 487 1898 Deidamia
510 1832 629 1915 virum3
652 1832 708 1896 sed
731 1836 861 1916 opertae
885 1832 1015 1897 conscia
1039 1831 1154 1916 culpae

321 1941 436 2001 cuncta
459 1942 555 2021 pavet
577 1939 756 2020 tacitasque
779 1942 874 2023 putat
897 1938 1016 2003 sentire
1041 1959 1178 2003 sorores.

320 2064 459 2125 namque
482 2048 519 2107 ut
541 2044 686 2129 virgineo
711 2044 801 2108 stetit
824 2045 859 2108 in
882 2066 979 2130 grege
1003 2044 1103 2108 durus
1127 2041 1277 2109 Achilles

321 2148 521 2231 exsolvitque
543 2150 655 2213 rudem
679 2150 826 2235 genetrix
850 2150 993 2236 digressa
1016 2150 1184 2234 pudorem,
1308 2173 1344 2216 555

320 2255 468 2336 protinus
491 2255 590 2340 elegit
613 2255 775 2338 comitem,
798 2278 996 2339 quamquam
1018 2256 1126 2319 omnis
1151 2256 1186 2320 in
1210 2258 1305 2321 illum

320 2360 415 2423 turba
439 2361 514 2443 coit,
536 2361 715 2443 blandeque
738 2383 840 2426 novas
862 2362 911 2426 nil
933 2362 997 2426 tale
1021 2362 1153 2426 timenti

322 2465 471 2530 admovet
493 2466 638 2531 insidias:
661 2468 752 2531 illam
775 2468 985 2551 sequiturque
1009 2468 1195 2551 premitque

322 2570 497 2655 improbus,
519 2572 609 2637 illam
633 2574 735 2638 oculis
758 2573 940 2657 iterumque
963 2573 1149 2657 iterumque
1171 2575 1319 2640 resumit.

397 2746 574 2800 Testimoaia:
603 2752 656 2799 553
673 2746 762 2800 Parae.
782 2762 899 2816 gramm.
918 2748 945 2800 Π
960 2753 1021 2814 221,
1036 2753 1053 2800 4
1073 2750 1204 2817 (propter
1217 2750 1345 2805 ’55551515-

323 2812 409 2866 tiocm
427 2816 611 2885 Agamemno)
631 2816 737 2870 Statius
761 2817 791 2870 in
810 2818 822 2870 I
840 2817 1015 2872 Achilleidos
1040 2818 1238 2875 ‘conclamant
1256 2817 1345 2875 Danai

324 2881 507 2952 stimulatque
525 2886 699 2954 Agamemno
717 2887 864 2942 volentes’.

395 3027 543 3094 Excepta:
573 3034 624 3081 555
652 3029 686 3094 cf.
707 3028 914 3098 5551121555.

395 3190 445 3238 551
466 3187 569 3239 autre:
590 3192 675 3240 ooal’
733 3187 879 3254 pelopeius
899 3188 930 3240 0⁴
948 3189 980 3241 ia
997 3204 1052 3242 ras.
1136 3195 1191 3243 552
1211 3190 1348 3259 pollines

395 3261 446 3309 555
466 3256 545 3309 danii
562 3262 583 3308 P
653 3257 778 3311 volentes
797 3273 847 3312 om.
868 3276 885 3322 q
988 3264 1040 3311 555
1061 3258 1243 3315 descendunt
1263 3269 1281 3314 5

325 3324 421 3389 quales
441 3345 480 3380 ro:
501 3326 627 3394 qualis?
699 3333 750 3380 555
770 3344 835 3381 5555
849 3334 951 3381 PkoE:
971 3345 1038 3396 apes
1053 3347 1083 3393 q:
1103 3347 1171 3385 5555
1192 3333 1348 3396 Β5555555;

325 3399 355 3446 et
372 3403 440 3450 recte
460 3398 591 3451 Mentiris
604 3414 633 3465 p.
650 3401 686 3450 32
704 3400 820 3453 contulit
839 3399 892 3452 555.
907 3399 933 3451 Π
947 3405 999 3453 215
1109 3407 1162 3455 557
1184 3403 1315 3472 gravitas
1332 3407 1349 3453 Ρ

348 3531 353 3543 .
396 3472 448 3518 558
462 3468 599 3521 ithacesia
612 3469 700 3521 1³¹ko:
715 3468 826 3522 ithacus
840 3470 898 3523 iam
907 3475 971 3534 1²¹q⁰
1042 3476 1095 3524 559
1106 3472 1145 3525 551
1158 3490 1284 3539 remosq

326 3532 428 3588 hilares
447 3543 489 3601 Pq
506 3539 541 3603 cf.
561 3556 585 3592 5.
601 3544 652 3591 901
751 3544 802 3592 550
821 3541 867 3593 Ad
885 3546 917 3593 1²:
937 3540 1056 3593 Haudc
1130 3545 1284 3600 occultae

326 3606 376 3654 551
397 3612 564 3661 noverant?
627 3609 729 3664 latenti
747 3615 847 3673 1²qu:
867 3610 1036 3664 latentemk
1120 3619 1174 3667 552
1196 3616 1349 3671 Deidamea

326 3676 346 3722 1’
397 3678 663 3800 5516411111ῙὍΒΡΨ
692 3679 840 3734 5155555155
930 3687 982 3734 555
1001 3682 1127 3750 genitrix
1146 3704 1177 3750 q:
1208 3687 1349 3756 generiso

468 3748 578 3801 niiP
